3170 4742
289 268 331 322 De
348 266 498 334 legionibus
518 266 702 321 Romanorum
720 267 740 320 1.
760 265 892 322 Mineruia
910 271 937 322 91
955 267 1039 321 XXX.
1061 267 1147 337 Ulpia.
1253 268 1293 326 23

26 438 32 482 ’·
142 443 260 510 (iontra
288 440 434 525 proximo
464 439 686 519 9199842188
710 445 756 504 191
779 441 1024 507 salutationibus
1051 439 1224 508 honoratus
1248 449 1296 508 cst

142 550 218 628 quot
243 562 346 625 neque
374 548 472 608 ‘antea
502 561 606 624 neque
635 545 748 624 postea
775 542 846 624 pari
875 544 1027 624 temporis
1057 544 1178 625 spatio,
1207 550 1242 608 ut
1264 553 1296 610 91

11 699 13 707 ,
141 647 235 712 facile
259 651 291 712 et
312 651 399 710 recte
427 643 525 710 liceat
553 642 744 709 concludere
772 643 931 727 pertinere
959 643 1032 710 illas
1055 643 1098 709 ad
1126 645 1295 710 victoriam

17 767 28 811 r
141 748 350 815 clarissimam
373 746 472 812 Tettii
495 745 610 811 Iuliani
635 745 685 822 (cf.
702 744 790 811 (lass.
812 745 851 809 D.
868 743 996 810 LXVII.
1024 746 1086 829 10),
1110 746 1165 830 qui
1188 747 1295 814 Dacos

11 883 23 900 ν
140 849 226 933 apud
243 851 352 932 Tapas
376 849 477 914 victos
500 847 690 930 fugatosque
706 845 748 911 ad
764 845 1076 930 Sarmizegethusam
1100 868 1202 931 usque
1224 869 1296 932 per·

18 1005 24 1019 ,
140 958 268 1020 secutus
292 956 356 1034 est;
380 970 443 1033 qua
464 950 599 1016 victoria
621 949 740 1015 factum
763 955 820 1031 est,
845 954 879 1014 ut
901 952 1046 1034 proximo
1069 970 1152 1017 anno
1166 954 1187 1026 ¹)
1211 951 1296 1017 bello

140 1060 267 1138 patrato
291 1050 484 1134 triumphum
507 1050 802 1135 splendidissimum
825 1052 1027 1118 Domitianus
1049 1045 1197 1136 agerem)

229 1157 333 1237 Atque
357 1174 427 1220 cum
451 1155 528 1220 satis
551 1159 676 1220 constet
699 1151 796 1238 Oppii
820 1152 932 1220 Sabini
960 1153 1051 1220 clade
1073 1155 1193 1222 factum
1216 1175 1296 1236 csse,

143 1266 178 1325 ut
201 1259 303 1324 Fusco
327 1277 450 1323 summa
473 1257 550 1322 belli
580 1256 846 1339 committeretur,
877 1255 918 1321 de
941 1263 1029 1323 recta
1051 1259 1106 1323 via
1128 1258 1185 1332 vix
1206 1258 1297 1324 aber-

143 1380 259 1443 ramus,
283 1360 311 1426 si
327 1378 399 1426 cum
414 1357 577 1426 Asbachio
594 1357 734 1442 Oppium
757 1378 841 1424 anno
865 1360 979 1438 840186
1003 1378 1073 1425 9999
1086 1359 1297 1425 interfectum

142 1463 322 1545 statuimus,
345 1461 483 1528 Fuscum
506 1461 665 1544 simulque
688 1465 789 1526 totam
810 1460 971 1544 legionem
994 1481 1077 1527 anno
1101 1461 1226 1540 841187.

229 1562 388 1641 Quoniam
404 1564 502 1645 igitur
517 1569 591 1628 ante
606 1563 798 1630 seditionem
809 1563 942 1628 Antonii
958 1561 1121 1628 Saturnini
1136 1562 1296 1646 legionem

144 1667 231 1731 bello
254 1664 394 1730 deletam
417 1682 489 1729 esse
512 1666 590 1732 satis
614 1666 929 1760 certistargumentis
959 1665 1113 1747 probasse
1136 1665 1229 1730 nobis
1253 1666 1298 1730 vi-

144 1767 272 1849 demur,
304 1766 368 1831 iam
392 1771 423 1830 tc
445 1765 537 1831 nobis
559 1764 829 1849 adstipulaturum
858 1785 928 1830 esse
951 1785 1045 1849 spero
1068 1767 1298 1832 conicientibus

146 1871 178 1936 in
201 1870 306 1955 locum
329 1868 416 1934 illius
439 1868 598 1950 legionem
623 1868 647 1932 1.
672 1867 862 1933 Minerviam
886 1867 1098 1950 conscriptam
1123 1887 1202 1934 csse.

230 1970 309 2036 Inde
334 1969 477 2048 efficitur,
501 1975 536 2034 ut
558 1975 590 2034 et
609 1977 683 2050 port
705 1968 830 2034 cladem
846 1968 941 2034 Fusci
964 1967 1054 2034 ducis
1077 1989 1161 2035 anno
1184 1970 1298 2048 841187

146 2080 312 2157 acceptam
343 2078 375 2138 et
404 2081 475 2134 cate
506 2069 697 2138 seditionem
719 2070 850 2136 Antonii
879 2068 1041 2135 Saturnini
1071 2092 1154 2138 anno
1185 2072 1299 2151 842188

147 2181 284 2245 exeunte
307 2179 451 2240 exortam
468 2173 553 2254 legio
577 2172 634 2237 illa
656 2173 828 2238 constituta
845 2173 894 2237 sit.
940 2170 1034 2249 Quod
1050 2173 1077 2240 si
1094 2175 1299 2254 concesseris,

146 2280 217 2361 ipso
234 2296 316 2342 anno
334 2274 448 2350 841187
467 2274 684 2338 Domitianum
701 2293 771 2338 eam
788 2274 1015 2356 conscripsisse
1031 2274 1178 2340 dixerim.
1217 2274 1300 2338 Nam

149 2399 219 2444 cum
241 2397 298 2462 per
320 2393 355 2440 se
377 2380 624 2440 consentaneum
647 2381 759 2441 est-
782 2376 867 2442 bello
895 2377 1044 2443 nimirum
1070 2379 1207 2444 instante
1230 2396 1301 2442 cum

147 2480 256 2561 Dacis,
279 2476 399 2560 duplici
423 2478 487 2542 iam
510 2477 645 2544 victoria
667 2477 760 2542 elatis
783 2482 814 2544 et
835 2479 955 2562 populo
979 2480 1122 2545 Romano
1145 2499 1302 2544 summum

146 2581 322 2666 periculum
339 2579 552 2664 moventibus,
568 2579 653 2663 quod
669 2586 704 2644 ut
713 2580 932 2664 repelleretur,
948 2599 1043 2662 quarn
1061 2581 1217 2646 maximus
1234 2587 1302 2647 orat

147 2681 355 2750 adducendus
375 2683 543 2766 exercitus,
568 2716 607 2725 -
624 2688 689 2747 turn
707 2701 744 2748 eo
760 2681 973 2764 confirmatur,
997 2682 1082 2765 quod
1098 2683 1222 2749 duabus
1237 2683 1303 2749 illis

149 2786 264 2867 tegulis
280 2784 502 2850 Bonnensibus
526 2779 572 2843 1.1
591 2781 667 2866 ΡΜ,
691 2785 857 2868 paululum
880 2787 1033 2870 temporis
1048 2792 1123 2851 ante
1139 2784 1301 2851 Saturnini

150 2939 212 3004 post
228 2935 302 2987 hunc
320 2934 390 2986 diem
403 2933 446 2997 (cf.
460 2933 612 3008 1191911911).
625 2933 658 2986 N.
672 2933 718 2989 Vl.
733 2938 873 3002 38191111
892 2947 963 2987 anno
978 2933 1071 3002 841188
1083 2933 1230 3001 imperator
1241 2934 1301 2990 XV.

150 3050 181 3056 —
201 3017 261 3072 XX.
280 3016 433 3084 appellatus
451 3021 502 3072 cst.
1143 3048 1146 3052 -

238 3100 313 3168 1191.
337 3098 493 3154 Hirschfeld
516 3099 545 3152 in
572 3099 676 3162 ,Goett
701 3099 751 3168 gel.
775 3099 927 3168 Anzeigen“
956 3104 1020 3154 1869
1043 3117 1070 3169 p.
1092 3106 1155 3155 1596
1166 3118 1233 3171 sqq,
1257 3105 1305 3171 qui

150 3187 267 3244 ostendit
284 3200 384 3238 annum
404 3187 470 3238 1196
484 3183 663 3239 Eusebiinon
676 3184 789 3254 aprime
807 3185 849 3240 die
869 3185 968 3241 mensis
982 3185 1107 3241 Octobris
1126 3185 1191 3241 anni
1210 3187 1302 3258 844199

151 3288 235 3342 usque
253 3271 287 3326 91
306 3269 420 3325 eundern
445 3269 513 3323 diem
532 3270 596 3323 anni
614 3270 703 3339 845191
720 3273 825 3340 putere,
843 3271 891 3326 sed
909 3271 943 3326 ab
962 3286 1033 3327 anno
1053 3272 1145 3342 843189
1163 3287 1250 3341 usque
1268 3273 1303 3327 91

152 3359 303 3429 844191-
323 3354 522 3420 Friedlaender,
541 3354 659 3409 Martial.
679 3355 763 3424 praef.
782 3373 809 3425 p.
825 3360 864 3410 56.

236 3447 262 3508 11
280 3442 388 3512 Optime
412 3440 528 3510 quadrat
546 3440 580 3494 ad
599 3441 864 3507 innocentorum,
889 3441 960 3510 quod
979 3441 1095 3497 Sabinus
1118 3457 1189 3498 anno
1209 3443 1304 3514 838184

150 3529 291 3584 consulatu
310 3527 422 3581 functus
440 3531 491 3591 est,
510 3528 536 3579 et
554 3525 625 3594 quod
638 3525 771 3581 Martialis
789 3527 817 3580 in
830 3527 1049 3596 epigrammatum
1066 3527 1136 3584 libro
1149 3528 1207 3594 VI.‚
1226 3545 1304 3598 quern

151 3629 222 3669 anno
236 3613 328 3683 844199
341 3612 457 3666 edidisse
470 3627 529 3666 curn
543 3616 658 3677 constat,
676 3611 704 3666 in
717 3612 855 3681 epitaphio
870 3611 959 3667 Fusco
973 3613 1097 3668 dedicato
1116 3614 1182 3669 dicit
1190 3621 1303 3669 mortem

152 3699 307 3766 clademque
318 3696 391 3753 illius
403 3686 442 3752 ita
453 3697 507 3751 iarn
520 3698 591 3752 ultos
605 3713 664 3752 esse
676 3697 821 3763 Romanos,
840 3703 870 3751 nt
882 3697 973 3766 iugum
985 3699 1038 3753 iam
1051 3699 1187 3767 receperit
1200 3698 1303 3754 Dacus.

152 3785 215 3852 lpsa
233 3783 315 3836 verba
332 3789 395 3837 sunt
411 3784 449 3838 VI
463 3786 509 3837 tt:

388 3867 449 3922 Non
467 3868 543 3922 timet
560 3868 671 3923 hostiles
687 3869 741 3922 iam
758 3869 828 3938 lapis
840 3869 892 3924 iste
910 3869 1004 3924 minas.

355 3953 463 4008 Grande
481 3953 572 4020 iugum
591 3954 690 4008 domita
709 3954 801 4009 Dacus
819 3955 923 4009 cervice
941 3955 1044 4023 recepit

389 4037 426 4090 Et
445 4036 574 4092 famulum
592 4039 687 4094 victrix
705 4040 823 4110 possidet
842 4038 936 4094 umbra
954 4055 1055 4096 nemus.
