3170 4742
277 247 318 304 64
352 317 358 326 ,
758 247 821 302 0119
840 245 970 315 Schilllng

361 419 448 498 Quas
461 439 512 487 res
524 419 600 486 inde
611 420 653 486 ab
665 438 749 486 anno
761 417 899 496 9471193
912 419 1057 502 legiones
1068 418 1094 482 I.
1103 418 1178 485 Min.
1192 419 1430 487 etXXX·V·V·

276 524 442 606 gesserint,
465 523 643 590 accuratius
659 520 898 604 quodammodo
913 521 1042 587 videtur
1056 522 1152 588 statui
1175 541 1279 605 posse.
1326 524 1432 608 Atque
1558 528 1564 605 1

276 625 362 706 quod
384 626 425 691 ab
448 625 540 691 initio
562 645 583 690 a
604 624 717 691 Severi
745 624 889 707 partibus
920 623 1063 706 legiones
1091 624 1168 690 illae
1196 631 1366 709 steterunt,
1397 627 1431 692 id

275 727 362 808 quod
384 727 449 793 iam
470 748 502 811 p.
519 732 559 793 43
583 726 734 811 diximus,
757 725 845 792 haud
863 727 930 794 soio
946 746 987 792 an
1010 746 1050 792 99
1064 745 1098 792 re
1121 727 1310 810 explicetur,
1333 729 1431 811 quod,
1560 702 1565 781 1

275 849 346 894 cum
362 828 554 897 Germanico
577 830 733 896 exercitui
755 829 811 895 ille
827 829 1029 914 praepositus
1053 835 1138 896 ossot
1160 831 1255 906 (anuo
1271 831 1431 915 9401186),

275 931 342 1008 ,ita
364 951 399 998 se
421 933 454 997 in
477 952 517 999 ea
537 933 699 1016 legatione
728 932 809 1014 egit,
839 936 874 996 ut
901 932 1022 997 famam
1043 931 1245 998 nobilitatam
1269 932 1332 997 iam
1355 940 1431 1000 anto

275 1035 517 1115 cumularet.“¹)

360 1137 408 1202 Ac
430 1138 568 1220 primum
591 1137 722 1220 quidem
737 1141 986 1203 cousentaneum
1007 1141 1056 1203 est
1077 1136 1258 1219 legionibus
1281 1144 1433 1221 quattuor

275 1236 473 1306 Germanicis
500 1238 580 1305 fines
608 1239 795 1324 provinciae
825 1237 1052 1304 custodiendos
1080 1237 1195 1321 inisse,
1225 1258 1267 1304 ne
1294 1239 1432 1306 Albinus

274 1339 396 1422 impetu
419 1361 461 1407 ex
483 1342 649 1430 Britannia
670 1342 756 1408 facto
779 1340 971 1425 Septimium
994 1340 1190 1426 prohiberet,
1213 1343 1348 1409 Romam
1371 1344 1433 1408 iter

273 1441 379 1508 facere
401 1462 571 1526 rerumque
593 1445 699 1528 potiri.
737 1443 864 1509 Deinde
885 1449 1055 1526 postquam
1071 1443 1169 1510 Didio
1184 1444 1311 1510 Iuliano
1333 1446 1429 1510 inter·

272 1544 356 1610 19919
386 1544 577 1629 Septimius,
609 1565 648 1611 ne
677 1565 749 1611 oum
772 1544 897 1611 duobus
920 1564 983 1610 una
1012 1545 1074 1611 sibi
1104 1544 1323 1612 dimicandum
1346 1554 1432 1613 esset

273 1643 482 1729 adversariis,
515 1648 698 1732 pactionem
732 1666 803 1714 cum
837 1646 952 1714 Olodio
986 1647 1104 1713 Albino
1138 1648 1230 1732 fecit,
1265 1649 1430 1715 vexillarii

272 1747 435 1830 legionum
465 1750 726 1817 Germanicarum
760 1750 854 1816 acciti
887 1756 975 1834 sunt,
1010 1750 1065 1832 qui
1100 1750 1219 1816 bellum
1254 1752 1432 1818 Pescennio

272 1852 434 1919 inferrent.
480 1852 574 1931 Quod
602 1853 722 1918 tautum
751 1872 821 1918 esse
848 1853 1071 1934 cognoscimus
1094 1871 1134 1917 ex
1158 1853 1249 1920 titulo
1273 1873 1375 1937 nuper
1398 1855 1432 1921 in

273 1954 439 2019 Pannonia
454 1961 580 2039 reperto
597 1953 705 2030 ,Corn
721 1954 753 2019 d.
766 1952 889 2020 Westd.
906 1952 1083 2020 Zeitschr.“
1101 1956 1183 2019 1890
1197 1975 1230 2037 p.
1244 1957 1263 2017 9
1280 1959 1322 2031 (n.
1338 1956 1430 2040 1101,

168 2057 174 2069 '
272 2057 305 2121 in
336 2077 399 2141 quo
432 2057 468 2123 (1.
495 2057 596 2124 Iulius
625 2055 773 2122 Castinus
804 2055 870 2120 dux
899 2056 1144 2122 vexillationum
1171 2057 1236 2122 IIII
1261 2057 1429 2124 Germani·

272 2179 381 2225 carum
405 2159 491 2225 VIll.
513 2162 605 2244 Aug,
629 2159 734 2225 XXII.
758 2159 865 2240 Prim,
888 2158 913 2224 Ι.
937 2159 1031 2242 Min,
1054 2159 1173 2223 XXX·
1188 2160 1217 2225 V
1233 2160 1291 2225 ·V·
1317 2163 1429 2245 appel·

271 2263 355 2328 latus
378 2268 435 2329 ost.

358 2362 422 2441 Qui
444 2364 555 2429 titulus
578 2384 641 2447 quo
665 2383 748 2430 anno
772 2370 922 2430 exaratus
946 2365 1003 2447 sit,
1027 2364 1106 2430 satis
1128 2370 1276 2431 accurato
1301 2364 1428 2432 deliniri

272 2472 380 2549 potest
395 2472 526 2551 propter
542 2466 661 2551 triplex
676 2465 757 2531 illud
773 2461 802 2528 (1
817 2467 849 2530 in
866 2467 1037 2549 ,Auggg,“
1054 2463 1093 2528 N
1100 2467 1133 2532 in
1149 2466 1265 2542 „Dom
1282 2488 1315 2533 n.
1331 2491 1360 2535 n.
1376 2475 1426 2535 n.“

271 2570 421 2652 positum.
474 2568 588 2664 illucet
616 2569 701 2634 enim
735 2567 932 2652 significatos
961 2589 1032 2636 esse
1066 2575 1130 2636 tres
1163 2570 1237 2635 illos
1266 2571 1425 2653 Augustos

273 2669 464 2754 Septimium
481 2671 637 2736 Severum
652 2678 787 2754 patrem,
811 2671 853 2734 M.
869 2670 1037 2736 Aurelium
1059 2671 1254 2736 Antoninum
1278 2671 1426 2739 Caracal-

270 2773 346 2856 lam,
369 2774 405 2837 P.
421 2772 613 2855 Septimium
628 2773 823 2837 Antoninum
845 2771 962 2838 Getam
983 2772 1077 2855 filios,
1101 2792 1234 2856 quorum
1258 2774 1427 2842 Caracalla

271 2894 355 2940 anuo
371 2873 507 2953 9521198
518 2875 553 2956 ²),
577 2874 661 2942 Geta
682 2874 758 2940 anui
780 2873 907 2940 demum
929 2873 1067 2953 9631209
1083 2895 1191 2943 mense
1207 2875 1390 2962 Septembri
1402 2883 1426 2956 3)

271 2977 450 3060 ,Augusti“
474 2976 630 3044 declarati
652 2983 733 3044 suut.
1167 3031 1171 3038 .

355 3080 469 3161 ltaque
498 3100 571 3146 oum
600 3080 655 3145 die
676 3079 730 3144 IV.
754 3080 873 3145 mensis
896 3080 1064 3146 Februarii
1087 3083 1162 3146 anui
1185 3082 1319 3160 9651211
1345 3083 1425 3166 Sep·

271 3182 379 3248 timius
402 3189 494 3266 pater
515 3180 556 3246 de
575 3182 644 3246 vita
667 3182 850 3263 decesserit,
874 3183 984 3248 titulus
1008 3184 1063 3248 ille
1086 3190 1159 3267 post
1181 3203 1323 3250 mensem
1345 3183 1425 3267 Sep-

270 3285 427 3351 tembrem
457 3284 533 3348 anni
563 3282 716 3367 963l⁹d9,
746 3283 902 3350 sedante
925 3285 1135 3351 Februarium
1164 3287 1324 3352 ineuntem
1346 3286 1423 3351 anui

270 3384 405 3465 9651211
435 3385 558 3468 positus
586 3391 643 3452 est.
688 3386 781 3452 Anno
811 3385 908 3469 igitur
930 3388 1067 3467 9641210
1094 3388 1129 3455 O.
1152 3390 1252 3456 Iulius
1275 3388 1424 3456 (lustinus

358 3589 382 3651 1)
401 3583 491 3654 Spart.
503 3601 527 3639 v.
541 3585 616 3652 Sept.
630 3583 690 3640 Sor.
702 3590 728 3649 t,
742 3589 766 3638 1.

355 3674 381 3736 21
399 3670 466 3725 (lom
483 3670 520 3724 ad
536 3668 608 3724 hanc
626 3671 811 3738 quaestionem
825 3670 925 3725 nullius
943 3669 1072 3724 momenti
1091 3668 1134 3735 sit,
1153 3673 1243 3723 utrum
1260 3669 1315 3724 iam
1331 3689 1423 3728 mense

270 3755 347 3810 Iunio
366 3771 402 3809 au
420 3754 531 3811 Octobri
549 3755 654 3809 demum
673 3754 752 3810 buius
771 3755 836 3810 anni
855 3756 892 3809 Μ.
911 3755 1021 3811 Aurelio
1040 3752 1177 3808 Antonino
1195 3755 1259 3809 trib.
1280 3762 1335 3826 pot.
1359 3759 1423 3812 data

269 3840 314 3909 sit,
332 3840 469 3894 mittamus
487 3841 604 3895 virorum
623 3839 764 3895 doctorum
783 3842 816 3897 de
833 3843 886 3896 hac
900 3855 931 3894 ro
943 3840 1090 3896 sententias
1108 3839 1276 3910 examinare;
1294 3849 1422 3897 accurate

267 3942 314 3982 eas
333 3925 440 3992 collegit
458 3924 602 3979 Schillerus
620 3941 647 3995 p.
661 3927 707 3977 121
723 3924 785 3981 adn.
801 3931 824 3981 1.

354 4013 381 4076 3)
399 4009 476 4078 Quod
494 4012 626 4078 sagaciter
643 4010 796 4065 enucleavit
813 4011 1014 4077 Dittenberger‚
1033 4009 1247 4068 0.1.A.111.n.
1263 4015 1293 4064 10
1306 4027 1333 4080 p.
1346 4010 1393 4065 9b.

1456 3389 1459 3398 ,
1564 3254 1569 3447 ι

1570 4324 1575 4519 l
