3170 4742
299 279 340 333 Dc
358 277 508 346 legionibus
527 276 709 332 Romanorum
728 277 748 329 1.
768 276 899 331 Mineruia
917 283 944 332 et
961 277 1048 332 XXX.
1067 277 1156 347 Ulpia.
1263 279 1301 337 15

50 433 53 438 ¹
151 454 254 519 inviso
269 453 414 519 instituta
436 456 527 518 erant
550 451 618 517 sive
633 450 675 515 ad
692 451 877 516 memoriam
894 451 963 517 eius
979 450 1171 517 servandam
1186 450 1304 519 idonea

152 575 222 622 esse
245 554 447 637 videbantur,
471 553 577 619 lurore
599 560 632 619 et
653 554 791 619 saevitia
812 551 983 636 flagrantes
1006 550 1240 637 delevissentb,
1262 575 1302 622 ne

150 658 320 741 legIonarii
337 657 478 741 quidem,
502 656 649 739 quamvis
664 656 769 722 fautor
791 656 838 722 eis
854 674 982 739 semper
1001 656 1176 723 exstitisset
1192 657 1301 723 Domi·

151 761 266 843 tiauus,
290 760 407 827 mortui
429 778 606 842 cognomen
628 759 829 825 retinendum
845 765 1043 826 censuerunt.
1088 759 1202 842 Neque
1226 779 1302 826 vero

149 864 362 939 ,F.tlavIael“
386 880 578 944 cognomen,
603 881 665 944 quo
689 867 793 928 tamen
816 861 888 927 IIII.
915 863 1001 945 legio
1023 881 1082 943 per
1104 863 1233 928 saecula
1256 867 1304 928 est

149 985 223 1050 usa,
254 971 368 1048 postea
397 966 428 1029 in
457 965 593 1047 legionis
616 964 641 1028 1.
671 965 846 1030 Minerviae
873 965 973 1031 titulis
996 964 1166 1031 invenitur.
1211 964 1301 1043 Quae

148 1067 321 1133 diversitas
338 1068 396 1132 etsi
413 1065 643 1133 dubitationem
667 1068 809 1133 excitare
827 1073 942 1151 potest,
965 1088 1040 1134 num
1057 1069 1195 1151 omnino,
1219 1087 1302 1151 quae

150 1170 191 1235 de
214 1169 249 1234 F.
274 1169 465 1252 compendIo
486 1171 665 1252 statuimus,
688 1176 775 1236 recte
791 1189 826 1236 se
842 1169 991 1253 habeant,
1014 1178 1121 1237 brnen
1135 1171 1231 1237 facile
1248 1190 1301 1237 ex·

148 1272 286 1354 peditur.
332 1270 485 1350 Quartam
509 1273 594 1338 enim
617 1273 777 1356 legionem
800 1279 938 1339 creatam
962 1291 1076 1340 ossea
1102 1271 1301 1354 Vespasiano,

147 1375 237 1440 cuius
267 1375 390 1458 optima
418 1382 487 1441 erat
519 1376 607 1459 apud
636 1394 746 1442 ornnes
779 1377 947 1458 memoria,
981 1395 1052 1442 cum
1086 1395 1179 1442 nemo
1213 1376 1301 1457 igno·

147 1484 241 1556 rarct,
263 1478 328 1561 leg.
351 1478 424 1544 ΙΙΙΙ.
440 1479 556 1544 Flavia
570 1479 665 1545 Felix
687 1478 728 1544 ab
752 1479 898 1545 omnibus
921 1479 1168 1562 intellegebatur
1190 1476 1302 1561 Vespa·

145 1580 230 1640 sinui
249 1580 335 1662 legio
363 1580 436 1645 IIII.
460 1581 564 1646 Felix.
606 1581 721 1664 Neque
751 1582 918 1664 quisquam
950 1581 1115 1649 nesciebat
1142 1581 1302 1664 legionem

146 1680 171 1744 Ι.
188 1681 378 1746 Minervium
402 1684 630 1766 conscripsisse
652 1683 885 1765 Domitianam,
908 1685 1016 1767 itaque
1038 1685 1124 1767 legio
1147 1684 1302 1750 liderla

148 1783 307 1849 Mineruia
335 1803 398 1848 non
429 1783 563 1850 Flaviae
593 1783 707 1851 domus
741 1786 927 1850 memoriam
957 1786 1110 1852 Romanis
1141 1786 1300 1868 servabat,

147 1885 204 1952 sed
228 1886 320 1952 unius
344 1883 532 1951 Domitiani.
578 1886 676 1953 Cuius
700 1908 771 1953 cum
787 1888 951 1954 Minervae
974 1887 1055 1954 deae
1078 1889 1205 1954 nomine
1229 1907 1301 1955 con·

147 1988 267 2054 iunctio
297 1993 362 2052 tam
385 1996 456 2055 arta
478 1996 562 2071 erat,
592 1997 626 2055 ut
648 1991 745 2055 etiam
777 1991 884 2073 ,legio
906 1991 931 2055 I.
956 1990 1134 2053 Mineroio“
1156 1990 1301 2057 admoni-

148 2091 268 2156 tionem
284 2091 411 2174 tyranni
428 2092 523 2158 invisi
540 2091 696 2177 efficeret;
718 2094 853 2160 fortasse
869 2112 1046 2178 cognomen
1062 2094 1102 2160 ab
1119 2113 1159 2160 ea
1174 2113 1302 2177 qnoque

146 2194 282 2274 petitum
312 2200 507 2278 expunctum
535 2201 636 2276 esset,
666 2196 727 2261 nisi
758 2195 839 2262 deae
868 2196 989 2263 fulsset.
1035 2196 1125 2275 Quae
1156 2216 1227 2263 cnm
1255 2198 1301 2263 ita

149 2297 228 2377 sint,
261 2296 357 2360 facilc
391 2295 608 2376 intellegimus
638 2295 815 2362 Domitiani
849 2297 991 2365 defuncti
1017 2299 1199 2365 nominibus
1228 2319 1299 2366 con·

149 2395 276 2477 templis
293 2395 331 2460 iis
348 2400 470 2460 tanturn
487 2402 630 2463 ornatam
645 2397 744 2464 fuisse
760 2401 1003 2482 cognominibus
1026 2403 1186 2486 legionem
1202 2403 1227 2468 Ι.
1244 2404 1300 2468 Mi-

147 2497 306 2580 nervium,
338 2499 453 2581 quibus
481 2499 605 2565 invidia
627 2521 690 2566 non
714 2502 831 2582 inerat,
863 2503 961 2577 ,Piae
985 2503 1107 2571 Fidelis
1116 2510 1138 2569 “.
1162 2542 1203 2551 -
1226 2505 1300 2573 Orn-

147 2620 204 2666 nes
227 2600 324 2682 igitur
346 2601 446 2683 tituli,
476 2602 508 2666 in
533 2603 647 2685 quibus
670 2603 710 2668 D.
740 2604 965 2687 compendium
994 2607 1111 2687 legitur
1132 2613 1206 2690 post
1229 2605 1250 2666 Ρ
1276 2607 1299 2669 F

147 2710 178 2769 et
210 2701 233 2764 Ρ
261 2709 335 2770 ante
368 2702 485 2787 Μ(ἰι].),
515 2711 590 2771 ante
619 2705 704 2773 diem
734 2706 820 2773 XIV.
849 2709 968 2774 mensis
997 2708 1195 2794 Septembris
1224 2713 1299 2777 anni

148 2809 273 2889 850196,
298 2806 437 2890 quodie
461 2807 589 2874 devita
611 2808 790 2876 decessisse
813 2817 937 2877 constat
952 2811 1181 2895 Domitianum,
1205 2815 1301 2897 positi

146 2910 210 2974 sint
232 2929 364 2976 necesse
387 2917 444 2976 est.

232 3008 304 3088 Qua
325 3013 602 3091 argumentatione
624 3014 712 3079 nisus
734 3014 971 3096 RitterIIngius,
1002 3035 1072 3081 cum
1098 3017 1134 3081 L.
1158 3018 1299 3102 Magium

147 3112 286 3177 Dubium
309 3111 391 3176 XIII
418 3111 579 3196 stipendia
608 3114 639 3178 in
663 3115 791 3196 legione
814 3115 839 3180 Ι.
855 3115 892 3178 F.
909 3114 950 3182 lt·
970 3116 1004 3182 P.
1022 3117 1057 3181 F.
1075 3118 1114 3183 D.
1145 3121 1299 3187 meruisse

146 3215 257 3281 titulus
280 3213 402 3281 indicet
424 3215 458 3279 B.
476 3215 506 3281 J.
531 3220 581 3298 57,
599 3219 638 3280 70
663 3219 704 3294 (n.
728 3219 792 3299 50),
815 3218 980 3285 contendit
1001 3222 1044 3303 (p.
1063 3224 1115 3300 72)
1137 3221 1297 3305 legionem

146 3337 216 3384 esse
253 3318 465 3402 conscriptam
495 3338 578 3385 anno
608 3321 723 3400 837s83
753 3322 805 3387 vel
834 3323 960 3400 8381'84.
1011 3324 1125 3407 Neque
1159 3345 1235 3392 vero
1266 3327 1298 3391 in

145 3421 237 3486 tilulo
265 3420 384 3504 legibur
406 3420 441 3485 L.
466 3421 607 3503 Magium
638 3421 729 3483 XIII
755 3423 909 3506 stipendio
939 3427 1089 3488 morumne
1118 3429 1148 3488 r'n
1178 3427 1297 3510 legibus

233 3627 256 3688 t)
275 3622 316 3677 cl.
336 3623 447 3678 Sueten.
466 3638 491 3677 v.
512 3622 589 3678 Dom.
610 3638 669 3692 cap.
690 3627 735 3679 23:
761 3626 877 3688 „Contra
895 3634 1006 3682 senatus
1024 3628 1091 3683 adeo
1113 3629 1230 3685 laetatus
1248 3636 1298 3696 est,

148 3709 179 3759 ut
197 3747 285 3762 .....
308 3709 452 3764 novissime
474 3709 624 3764 eradendos
648 3707 742 3764 titulcs'
769 3710 982 3782 obolendamque
1010 3728 1114 3768 omnem
1141 3716 1296 3770 memoriam

145 3791 326 3847 deserueras
363 3793 472 3850 Cassius
485 3794 537 3850 Dic
550 3793 673 3850 nxvln.
688 3801 716 3852 t:
738 3799 824 3855 Μίσει
843 3797 872 3855 δὲ
886 3803 938 3855 τοῦ
949 3801 1123 3868 Δομιτιανοῦ
1141 3799 1169 3857 ct
1188 3798 1298 3870 εἰκόνες

28 3886 31 3892 ’
145 3871 242 3946 αὐτοῦ,
260 3883 363 3935 πολλαὶ
375 3881 427 3949 μὲν
445 3875 570 3954 ἀργυραῖ
580 3885 684 3939 πολλαὶ
701 3881 731 3940 δὲ
741 3886 790 3940 καὶ
806 3893 912 3956 χρυσαῖ
929 3875 1019 3950 οὖσαι,
1037 3883 1296 3958 συνεχωνεύθησαν.

145 3964 266 4019 Macrob.
285 3963 306 4018 1.
327 3969 366 4028 12,
380 3969 426 4019 37:
454 3967 616 4029 „infaustum
633 3968 794 4024 vocabulum
813 3985 846 4024 ex
868 3971 940 4024 omni
963 3984 1026 4026 aere
1043 3971 1084 4026 rel
1102 3986 1169 4028 saxo
1193 3973 1296 4043 placuit

144 4049 241 4104 erudi.“
