3170 4742
264 279 307 338 38
752 275 817 331 Otto
836 275 966 345 Schilliug

268 450 395 520 cladem
418 470 490 516 cum
512 449 723 516 celeberrima
745 448 805 515 illa
827 447 996 516 Severiani
1025 457 1204 535 comparat,
1235 470 1330 534 quem
1353 472 1425 519 cum

268 559 335 620 toto
365 553 509 619 exercitu
536 552 637 617 Marci
666 551 791 617 Aurelii
821 556 853 618 et
881 551 917 617 L.
948 552 1025 618 Veri
1057 553 1143 618 bello
1170 552 1324 620 Parthico
1354 573 1426 620 esse

267 655 470 721 interfectum
500 653 630 721 Cassius
659 654 723 721 Dio
752 653 929 746 memoriae
958 653 1092 720 tradidit
1123 656 1174 733 (ci.
1204 674 1301 738 supra
1329 676 1360 739 p.
1387 657 1425 720 18

268 758 341 823 adn.
366 758 407 838 2).
431 791 473 802 -

354 859 448 924 Anno
477 859 574 941 igitur
603 857 740 938 8701116
764 858 905 924 Traiano
935 860 1145 943 imperatore,
1173 878 1259 925 anno
1288 859 1424 940 9151161

269 962 310 1026 Μ.
334 960 466 1026 Aurelio
496 962 689 1044 imperatore
718 961 751 1025 in
779 960 866 1026 bello
895 981 968 1027 cum
992 961 1120 1027 Parthis
1150 968 1242 1045 gesto
1263 962 1426 1045 legionem

267 1065 417 1130 interisse
438 1070 583 1146 apparet.
628 1064 735 1146 Atque
758 1082 830 1129 cum
847 1063 973 1130 existis
995 1064 1215 1146 undetriginta
1233 1064 1425 1148 legionibus,

268 1187 349 1250 quas
369 1167 515 1233 aNerva
536 1172 707 1249 acceperat
721 1166 891 1248 Traianus,
913 1187 977 1233 non
999 1167 1062 1232 nisi
1084 1167 1199 1250 viginti
1222 1187 1283 1233 sex
1304 1167 1338 1231 in
1361 1167 1426 1233 illis

267 1270 432 1353 legionum
459 1269 577 1334 tabulis
601 1273 825 1334 enumerentur
848 1274 974 1336 etcum
1004 1270 1083 1336 satis
1112 1274 1236 1335 constet
1263 1269 1426 1352 legionem

266 1373 323 1438 IX.
340 1373 519 1456 Hispanam
537 1372 596 1437 sub
612 1370 777 1436 Hadriano
793 1391 878 1437 anno
895 1372 1031 1450 8741120
1047 1373 1080 1437 in
1095 1371 1262 1438 Britannia
1284 1392 1355 1440 esse
1371 1372 1425 1438 de-

265 1476 375 1557 letam,
391 1474 560 1540 statuimus
576 1472 656 1538 duas
672 1473 746 1539 illas
761 1473 913 1558 reliquas,
932 1493 1016 1556 quae
1032 1472 1265 1558 desiderantur,
1280 1475 1426 1557 legiones

266 1577 337 1642 XV.
353 1576 583 1659 Primigeniam
606 1582 638 1641 et
651 1575 759 1640 XXII.
777 1576 1029 1661 Deiotarianam,
1051 1578 1188 1643 alteram
1211 1577 1354 1660 Traiani,
1377 1578 1424 1644 al·
1488 1569 1493 1577 ’

267 1685 369 1746 teram
391 1679 492 1744 Marci
512 1678 638 1743 Aurelii
661 1679 869 1762 temporibus,
891 1699 912 1744 a
934 1678 1061 1745 ParthIs
1085 1698 1197 1746 caesas
1220 1698 1302 1746 esse.

353 1781 422 1848 Nec
437 1786 546 1847 tamen
562 1785 634 1847 utra
655 1781 743 1864 prior
765 1781 875 1847 deleta
896 1782 947 1862 sit,
970 1801 1028 1865 pro
1052 1788 1138 1847 certo
1160 1780 1321 1848 affirmare
1336 1782 1424 1867 licet,

266 1883 419 1966 quoniam
441 1901 546 1964 neque
562 1883 699 1963 legionis
714 1881 786 1947 XV.
803 1882 901 1947 Prim.
923 1901 1028 1964 neque
1050 1883 1186 1965 legionis
1203 1882 1309 1947 XXII.
1327 1883 1425 1949 Deio·

266 1985 411 2050 tarianae
433 1984 573 2066 vestigia
592 1984 723 2048 Traiani
745 1989 853 2050 aetate
875 1984 1054 2050 recentiora
1076 1990 1204 2068 reperta
1226 1990 1310 2069 sunt,
1332 1974 1368 2052 ut
1390 1987 1424 2051 in

265 2087 316 2172 iis,
340 2105 423 2171 quae
446 2087 681 2153 demonstrasse
704 2087 798 2152 nobis
821 2085 979 2169 ridemur,
1001 2085 1276 2170 adquiescendum
1299 2089 1351 2154 sit.

353 2188 419 2255 Sed
431 2190 495 2255 iam
503 2190 673 2258 redeamus
684 2189 728 2256 ad
736 2210 823 2272 eam,
831 2189 873 2256 de
881 2209 945 2272 qua
955 2190 1070 2274 agitur,
1083 2191 1243 2273 legionem
1250 2190 1356 2257 XXX.
1368 2191 1423 2259 Ul·

267 2294 365 2377 piam.
402 2292 484 2359 Cum
506 2312 537 2376 p.
555 2295 594 2356 32
619 2294 810 2359 evicerimus
834 2293 1008 2359 Traianum
1030 2292 1191 2375 legionem
1213 2313 1325 2360 recens
1348 2315 1421 2362 oon·

267 2396 420 2479 scriptam
442 2393 487 2461 ad
510 2395 694 2461 Danuvium
722 2393 842 2461 flumen
871 2396 1099 2479 collocavisse,
1128 2416 1212 2462 nunc
1241 2397 1422 2463 accuratius

264 2498 401 2565 definire
430 2498 634 2578 conabimur,
669 2498 785 2581 quibus
815 2497 942 2563 stativis
970 2497 1046 2562 inde
1072 2498 1114 2563 ab
1143 2499 1234 2562 initio
1268 2499 1422 2581 imposita

263 2601 370 2667 fuerit.
409 2600 513 2679 Quam
543 2600 674 2682 quidem
704 2600 942 2683 quaestionem,
973 2600 1033 2664 etsi
1056 2618 1114 2681 pro
1138 2604 1224 2663 certo
1252 2599 1421 2679 nequimus

263 2703 454 2780 decernere,
484 2702 596 2782 paucis
624 2706 731 2764 tamen
760 2699 803 2764 ad
832 2699 978 2765 veritatis
1000 2696 1162 2779 quandam
1184 2699 1325 2780 speciem
1347 2717 1420 2781 pro·

265 2802 383 2869 ducere
406 2801 492 2866 lieet.
536 2799 620 2865 Nam
636 2819 678 2864 ex
693 2800 811 2880 tegulis
834 2798 971 2880 legionis
986 2797 1097 2863 XXX·
1113 2798 1151 2863 V·
1163 2799 1203 2865 V·
1222 2799 1420 2882 Brigetione,
1465 2787 1467 2790 ⁵

265 2903 435 2987 Carnunti,
465 2900 676 2968 Vindobonae
698 2901 834 2985 repertis
847 2901 870 2976 ¹)
893 2900 998 2966 elucet
1023 2901 1118 2968 bellis
1141 2903 1271 2969 Daciois
1295 2902 1421 2969 confec·

263 3009 304 3073 tis
316 3008 339 3083 ²)
356 3007 389 3071 in
404 3005 573 3073 Pannonia
588 3004 761 3089 Superiore
777 3025 848 3072 eam
863 3002 1049 3072 tetendisse.
1088 3003 1233 3088 Cumque
1249 3005 1346 3088 plane
1369 3025 1419 3072 oa-

262 3194 297 3248 ab
310 3192 379 3246 urbe
391 3189 507 3258 necdpm
519 3188 600 3243 etiam
613 3188 744 3256 profecto,
763 3188 896 3242 enimvero
910 3204 971 3242 oum
988 3202 1119 3256 praesens
1131 3188 1267 3243 Traianus
1285 3187 1421 3257 Euphrati

261 3282 289 3334 et
307 3276 424 3346 Tigridis
444 3274 568 3342 portoria
586 3288 716 3342 equorum
734 3276 762 3327 et
781 3273 944 3328 camelorum
962 3273 1075 3338 trib[uta
1092 3278 1184 3338 onera]
1205 3315 1211 3327 .
1232 3314 1238 3327 .
1258 3286 1304 3325 cer
1324 3287 1421 3326 caesus

261 3367 330 3419 est“.
360 3361 441 3427 (Nab.
454 3359 520 3414 adn:
540 3359 607 3428 „Qui
619 3374 715 3414 caesus
728 3363 771 3413 est
782 3373 880 3412 nomen
891 3359 988 3414 habuit
1000 3359 1185 3424 Maximum)
1215 3357 1289 3410 Idem
1301 3356 1335 3411 de
1347 3357 1419 3413 bello

261 3447 356 3504 Parth.
370 3449 407 3514 (p.
422 3449 470 3499 217
491 3443 606 3510 Naberp
627 3444 740 3508 „Nonne
760 3456 777 3495 a
793 3442 902 3497 Parthis
921 3443 1073 3498 consularis
1091 3457 1177 3512 aeque
1193 3442 1234 3497 rir
1251 3441 1280 3495 in
1292 3441 1419 3512 Mesopo·

261 3532 344 3589 tamla
361 3531 550 3586 trucidatus“?
568 3560 600 3568 -

351 3623 375 3686 1)
395 3616 429 3672 cf.
443 3616 492 3670 111.
507 3618 574 3669 4663
587 3618 623 3681 (n.
636 3618 684 3669 198
694 3614 712 3668 b
721 3612 836 3675 XVIII.)
848 3616 876 3666 et
887 3613 987 3675 ,Arch.
1000 3611 1054 3681 Ep.
1063 3611 1136 3667 Mirr.
1149 3627 1173 3667 a.
1185 3611 1290 3668 Oestr.“
1304 3611 1355 3666 Ill.
1371 3615 1417 3666 141

262 3708 299 3771 (n.
315 3704 388 3759 1981)
400 3702 535 3765 XVIIII).
1088 3721 1090 3726 ’

349 3792 374 3854 21
391 3787 516 3856 Namque
540 3785 698 3854 cognomine
723 3783 850 3840 Victricia
866 3783 921 3839 ianr
938 3783 1030 3839 addito
1053 3783 1217 3852 intellegitur
1234 3785 1299 3852 post
1316 3798 1417 3838 anuum

263 3872 374 3945 8601100
392 3873 497 3939 tegulas
509 3871 568 3925 illas
582 3875 675 3927 coctas
687 3886 759 3940 esse;
778 3869 813 3927 ct.
827 3870 899 3938 quod
909 3868 981 3924 infra
992 3884 1020 3936 p.
1034 3873 1064 3922 41
1076 3884 1116 3937 sq.
1135 3869 1169 3924 de
1180 3869 1232 3922 bac
1245 3883 1275 3923 re
1288 3869 1416 3924 dicemus.

262 3958 358 4028 Neque
376 3956 490 4026 cogitari
507 3961 599 4027 potest
616 3956 650 4011 de
666 3955 835 4025 temporibus
855 3970 926 4010 anno
945 3953 1056 4025 8141120
1075 3954 1279 4024 posterioribus,
1298 3954 1370 4022 quod
1382 3955 1417 4009 ab

260 4046 308 4100 illa
325 4046 416 4098 aetate
433 4042 503 4112 legio
521 4044 550 4096 in
569 4043 713 4098 Germania
730 4040 862 4096 Inferiore
879 4039 1008 4108 tetendit3
1027 4039 1062 4095 cf.
1080 4040 1151 4095 infra
1168 4056 1195 4108 p.
1209 4044 1251 4096 53.
