3170 4742
775 239 838 295 Otto
856 238 985 307 Sobilling

545 501 614 576 §2
662 498 718 564 De
743 497 979 563 nominibus
1002 497 1193 580 legionis.

378 638 537 717 Quoniam
552 654 649 718 supra
670 653 700 717 p.
718 636 819 716 dsqq.
842 633 1001 716 permulta
1017 631 1057 698 de
1073 634 1316 716 cognominibus
1339 635 1454 719 dispu-

293 744 440 825 tavimus,
461 739 548 824 quod
564 737 755 821 gravissima
769 741 958 818 argumenta
972 734 1015 800 ad
1031 734 1208 817 primordia
1222 737 1291 805 eius
1307 738 1454 805 eruenda

293 846 500 931 praebebant,
523 859 628 926 pauca
650 837 753 904 babeo
776 857 859 921 quae
882 835 1010 903 addam.

381 946 550 1030 Proprium
566 941 703 1026 legionis
718 946 751 1007 et
766 941 859 1023 quasi
874 941 1019 1006 nativum
1035 960 1212 1023 cognomen
1229 940 1452 1016 ,Minerviae

298 1048 478 1134 peremnia
500 1052 645 1128 tempora
668 1043 731 1127 piis
746 1043 862 1111 animis
877 1043 1047 1126 legionarii
1069 1043 1102 1109 iu
1117 1043 1218 1109 titulis
1241 1045 1454 1130 scripserunt;

295 1171 391 1218 unum
415 1149 500 1216 enim
529 1168 571 1214 ex
594 1152 682 1213 tanta
704 1146 799 1230 eopia
822 1145 930 1212 iuveni
956 1146 1126 1230 titulumb,
1149 1147 1188 1234 iri
1211 1167 1275 1230 quo
1298 1149 1453 1215 omissum

296 1254 347 1336 sit,
372 1271 565 1336 quamquam
589 1250 621 1314 in
644 1249 812 1332 provincia
835 1249 906 1331 ipsa
928 1249 1135 1333 cognomine,
1158 1270 1222 1333 quo
1245 1252 1287 1326 ab
1309 1251 1384 1317 aliis
1406 1253 1452 1318 le-

297 1355 446 1440 gionibus
468 1371 599 1419 numero
616 1351 640 1417 Ι.
662 1350 822 1433 insignitis
837 1349 1097 1436 distingueretur,
1121 1372 1183 1418 non
1199 1372 1280 1438 opus
1296 1361 1374 1420 erat.
1413 1355 1455 1420 Et

299 1459 362 1542 ipsi
392 1455 562 1538 legionarii
592 1453 811 1522 Domitianum
840 1453 942 1519 secuti
965 1452 1142 1520 Minervam
1176 1453 1453 1539 deam·religiose

298 1560 436 1626 coluisse
465 1557 628 1640 videntur,
662 1554 751 1638 quod
779 1555 900 1639 optime
936 1555 1033 1622 anulo
1066 1577 1164 1624 aureo
1195 1577 1297 1641 nuper
1325 1568 1453 1642 reperto

297 1662 429 1728 Bonnae
452 1659 605 1744 probatur
627 1658 766 1741 optionis
784 1657 950 1724 cuiusdam
974 1659 1110 1742 legionis
1126 1660 1149 1724 l.
1174 1660 1351 1728 Minerviae
1374 1663 1454 1729 Piae

299 1763 441 1844 Fidelis,
475 1763 507 1826 in
536 1781 599 1844 quo
630 1760 775 1826 Minerva
804 1767 928 1827 armata
957 1762 1151 1844 conspicitur
1179 1761 1231 1844 (B.
1261 1764 1292 1830 J.
1323 1767 1381 1847 90,
1411 1769 1454 1830 24

297 1873 339 1942 (n.
364 1861 439 1944 53)).

385 1964 584 2046 Cognomina
612 1963 668 2038 „R
687 1963 744 2027 F.“
769 1982 826 2046 per
848 1964 978 2030 saecula
1000 1967 1100 2047 gessit
1123 1966 1208 2049 legio
1225 1967 1248 2031 l.
1281 1968 1450 2054 Mineruia,

302 2088 362 2136 neo
385 2074 490 2133 tamen
519 2085 645 2148 semper
674 2085 713 2132 ea
735 2064 900 2150 adscripta
922 2073 1010 2150 sunt,
1039 2067 1098 2134 sed
1121 2069 1269 2153 plurimis
1298 2072 1330 2137 in
1351 2073 1448 2138 titulis

301 2172 497 2239 omittuntur.
547 2168 653 2251 Atque
683 2169 715 2232 in
744 2169 1004 2251 inscriptionibus
1035 2169 1198 2238 Rhenanis
1228 2173 1349 2255 quidem
1374 2192 1441 2238 sae·

300 2275 422 2370 piusl),
452 2278 486 2337 ut
515 2291 573 2354 par
602 2276 651 2336 est
680 2271 843 2354 leguntur,
874 2272 975 2339 rarius
987 2275 1011 2350 3)
1038 2274 1072 2338 in
1101 2274 1157 2357 iis,
1187 2295 1271 2358 quae
1299 2275 1372 2343 alibi
1396 2295 1443 2341 re·

299 2381 410 2461 portae
433 2379 513 2441 sunt.

385 2477 517 2544 Minoris
539 2482 612 2543 sunt
634 2477 786 2542 momenti
809 2477 1045 2560 cognominat),
1072 2478 1186 2561 quibus
1209 2482 1303 2548 tertio
1325 2482 1453 2548 saeculo

300 2580 460 2648 interdum
483 2578 569 2662 legio
592 2585 704 2644 ornata
726 2579 877 2644 occurrit:
906 2578 1138 2663 Antoniniana,
1166 2581 1352 2665 Severiana,
1376 2583 1455 2650 Gor-

303 2683 416 2763 diana,
443 2699 527 2761 qnae
549 2681 741 2761 cognomina
763 2699 821 2761 per
843 2687 967 2763 tempus
990 2687 1111 2748 tantum
1135 2683 1196 2750 sibi
1219 2685 1350 2770 indidit,
1381 2706 1456 2752 mox

304 2785 496 2866 imperatore
520 2800 540 2845 a
562 2799 625 2862 quo
649 2786 789 2845 traxerat
812 2780 961 2848 defuneto
984 2784 1110 2851 abiecit.

387 2881 637 2949 incertissimum
661 2888 769 2948 autem
792 2889 855 2965 est,
887 2884 974 2968 quod
996 2887 1132 2955 Rothius
1161 2891 1271 2956 statuit
1293 2891 1453 2974 legionem

372 3071 394 3134 1)
412 3066 438 3120 X
451 3071 517 3122 3896
530 3069 566 3133 (n.
581 3070 635 3134 81);
649 3066 754 3121 videtur
765 3072 855 3122 tamen
867 3069 1046 3139 intellegenda
1057 3087 1118 3127 esse
1129 3073 1198 3140 legio
1209 3074 1230 3128 l.
1244 3073 1395 3140 (Mineruia)
1407 3074 1456 3130 Sa·

302 3155 418 3216 seriana,
437 3151 536 3220 quippe
554 3165 635 3217 quam
652 3151 705 3206 alio
724 3167 756 3205 ex
774 3153 853 3206 titulo
873 3154 982 3208 Bramb.
997 3160 1045 3209 415
1064 3160 1098 3223 (n.
1113 3161 1154 3222 51)
1175 3159 1332 3227 cognomine
1348 3158 1395 3214 illo
1413 3175 1457 3214 ur-

302 3245 394 3295 natam
412 3237 497 3291 luisse
516 3235 652 3302 cognitum
670 3235 832 3304 habeamus3
851 3237 896 3304 qui
908 3238 1003 3294 titulus
1016 3241 1079 3295 item
1090 3243 1206 3311 patriam
1218 3244 1310 3298 militis
1330 3244 1457 3300 Coloniae

304 3326 359 3378 nati
377 3321 487 3375 indicat.

391 3411 417 3471 1)
435 3405 504 3459 Nam
522 3419 555 3459 ex
572 3405 657 3459 titulis
676 3405 814 3461 Rhenanis
832 3407 884 3462 illis
904 3413 944 3474 54,
963 3410 1010 3479 qui
1021 3411 1093 3467 infra
1105 3413 1211 3467 collecti
1223 3420 1294 3480 sunt,
1315 3419 1345 3470 21
1360 3431 1457 3471 occur-

303 3497 374 3556 runt,
392 3491 421 3544 in
439 3489 536 3558 quibus
556 3489 585 3544 P.
599 3489 630 3544 F.
649 3490 763 3558 legatur.
1383 3555 1386 3562 ,

391 3580 416 3643 3)
433 3570 477 3630 Ex
496 3574 580 3630 titulis
604 3575 657 3629 illis
676 3579 705 3629 61
727 3575 798 3630 inira
820 3579 955 3646 expressis
976 3584 1004 3634 11
1025 3583 1130 3636 tantum
1151 3583 1285 3650 invenies,
1308 3585 1336 3639 in
1359 3586 1458 3655 quibus

305 3676 452 3732 cognomen
469 3660 536 3714 illud
554 3663 677 3715 notatum
695 3661 738 3715 sit.

390 3753 416 3810 4)
436 3746 542 3801 Collata
560 3750 624 3801 sunt
643 3745 671 3799 in
690 3745 778 3801 iudica
797 3749 983 3815 cognominum
1004 3751 1076 3806 inira
1092 3753 1206 3809 adiecto.
1226 3785 1260 3796 -
1278 3755 1362 3810 Plane
1380 3763 1458 3812 taceo

305 3833 339 3887 de
357 3831 513 3900 cognomine
533 3829 757 3901 „Septimianae“,
776 3834 847 3900 quod
866 3835 992 3890 temerius
1011 3851 1090 3905 quam
1103 3839 1204 3895 rectius
1223 3841 1320 3910 legioni
1338 3843 1460 3898 vindiea-

305 3919 343 3973 vit
361 3916 532 3971 Bellermann
549 3917 590 3983 (B.
603 3916 629 3972 J.
644 3920 684 3985 28,
701 3922 770 3982 109ι)
788 3934 821 3974 ex
839 3920 881 3975 tit.
901 3921 1009 3976 Bramb.
1028 3927 1076 3978 461
1096 3926 1133 3989 (n.
1147 3929 1198 3990 33).
1219 3957 1249 3966 -
1271 3927 1369 3983 Elnoet
1388 3930 1461 3984 enim

306 4002 401 4074 eodem
418 4003 476 4056 iure
493 4015 574 4070 posse
591 4001 727 4071 suppleri:
748 4003 877 4072 Septimia
892 4008 972 4072 (uxor
985 4023 1011 4076 p.
1026 4014 1068 4074 o).
