3170 4742
251 279 292 337 ts
723 280 787 335 Otto
807 279 936 350 Scirilling

251 453 407 535 alegate
435 453 532 520 ducta
560 454 742 520 Danuvium
776 451 894 519 flumen
924 459 1162 536 transgressum
1191 463 1250 522 est.
1301 455 1406 534 Quam

251 555 410 638 legionem
433 557 458 622 L
482 556 671 622 Minervium
700 575 770 622 esse
794 556 1016 639 accipiendam
1040 558 1218 624 rectissime
1241 558 1407 625 contendit

252 656 573 737 Domaszewslrius.¹)
613 658 732 724 Arietis
748 659 833 724 enim
849 659 968 741 imago,
993 677 1077 741 quae
1092 660 1134 725 ab
1157 660 1243 727 illius
1267 662 1405 744 legionis

250 759 453 842 imaginifero
475 761 662 844 praefertur,
684 758 755 825 fieri
770 779 834 826 non
849 765 955 843 potest
978 761 1057 842 quin
1071 760 1114 826 ad
1130 761 1290 843 legionem
1305 763 1330 827 Ι.
1346 763 1405 829 lli-

250 861 395 927 nerviam
414 867 545 945 spectet,
569 863 689 946 quippe
705 881 788 944 quae
803 862 873 928 sola
889 862 1029 928 omnium
1048 863 1082 927 in
1096 864 1233 930 nummis
1247 865 1405 931 Victorini

251 968 283 1027 et
312 961 458 1029 Ceraunii
486 965 596 1030 arietis
625 965 797 1047 imaginem
828 964 890 1030 sibi
918 963 1076 1030 adscitam
1104 964 1240 1042 habet²l
1290 967 1404 1049 Neque

251 1065 446 1148 ignoramus,
470 1086 525 1132 cur
540 1067 624 1132 aries
645 1067 765 1149 legioni
782 1066 806 1131 Ι.
823 1066 1000 1133 Minerviae
1016 1068 1218 1151 potissimum
1234 1071 1404 1137 attributos

249 1167 299 1232 sit.
343 1168 541 1234 Animalinm
564 1170 648 1235 enim
679 1169 851 1254 imagines,
876 1169 992 1251 quibus
1015 1188 1056 1235 ne
1078 1190 1142 1235 una
1164 1171 1295 1252 quidem
1318 1173 1404 1256 legio

248 1270 345 1353 plane
363 1277 459 1354 caret,
482 1290 554 1337 cum
568 1292 589 1338 0
604 1271 745 1338 siderum
766 1272 949 1338 nominibus
972 1273 1163 1356 saepissime
1186 1275 1308 1358 petitae
1330 1277 1404 1358 sint,

248 1377 421 1455 propterea
435 1374 568 1439 arietem
584 1374 645 1439 sibi
668 1373 842 1457 assumpsit
863 1372 949 1455 legio
964 1373 990 1438 Ι.
1005 1373 1093 1459 Min,
1118 1375 1205 1457 quod
1228 1395 1267 1442 eo
1284 1397 1403 1459 mense,

249 1474 304 1556 qui
326 1472 492 1537 Mineruae
514 1494 605 1542 sacer
627 1480 692 1558 est,
721 1475 872 1541 circuitus
895 1475 973 1542 solis
995 1496 1097 1558 usque
1119 1477 1162 1542 ad
1185 1477 1295 1540 arietis
1315 1479 1404 1545 sidus

249 1581 421 1658 provectus
432 1579 455 1653 ³)
470 1583 535 1660 est,
559 1596 642 1659 quae
658 1576 833 1659 explicatio
857 1576 1001 1643 eiusdem
1025 1579 1087 1643 viri
1110 1578 1197 1645 dooti
1221 1580 1349 1662 ingenio
1373 1590 1405 1646 et

249 1679 388 1743 acumini
412 1678 555 1745 debetur.
579 1715 620 1725 —
1298 1703 1300 1707 ’

331 1780 445 1863 ltaque
470 1783 621 1864 quoniam
651 1781 854 1867 statuendum
878 1788 927 1848 est
948 1783 1075 1865 utrique
1104 1783 1190 1849 bello
1214 1784 1335 1852 Dacico
1359 1788 1403 1852 le·

247 1881 377 1963 gionem
399 1883 593 1966 interfuisse,
616 1883 736 1966 optime
758 1902 842 1964 quae
864 1883 897 1946 in
913 1883 1017 1948 Dacia
1038 1903 1140 1966 nuper
1161 1892 1309 1969 repertae
1331 1895 1404 1954 sunt

247 1983 376 2066 tegulae
405 1978 509 2048 l-EG
528 2017 534 2030 ·
552 1986 560 2044 l
577 2017 584 2032 ·
602 1981 684 2066 Μ4),
715 1984 925 2068 explicantur.
970 1984 1055 2050 Nam
1085 2005 1158 2051 cum
1180 2007 1285 2070 neque
1308 1997 1403 2056 antea

246 2119 290 2130 —-
311 2086 346 2152 id
377 2086 463 2170 quod
491 2086 589 2172 paulo
619 2086 702 2152 infra
729 2086 1019 2153 demonstrabimus
1044 2089 1269 2170 —legionem
1297 2093 1330 2160 in
1354 2092 1403 2158 his

248 2189 432 2271 regionibus
455 2195 617 2256 versatam
640 2208 712 2257 0000
734 2194 858 2256 constet
880 2209 984 2273 neque
1007 2196 1137 2275 posteo,
1162 2211 1217 2258 eas
1240 2212 1311 2261 esse
1334 2215 1404 2262 eoo·

248 2297 297 2357 las
320 2292 403 2357 inter
424 2293 563 2377 primum
586 2293 706 2359 bellum
730 2299 761 2358 et
783 2291 960 2359 secundum
982 2293 1186 2360 manifestum
1211 2301 1267 2361 est.

333 2391 424 2471 Quae
448 2415 519 2460 oum
543 2396 589 2460 ita
611 2395 684 2477 sint,
706 2414 817 2477 annus,
842 2414 904 2477 quo
927 2395 1038 2461 titulus
1053 2395 1181 2461 Bramb.
1206 2399 1268 2463 680
1291 2403 1331 2472 (0.
1350 2403 1403 2474 70)

248 2503 398 2562 exaratus
428 2497 485 2579 sit,
514 2498 755 2564 accuratissime
783 2495 868 2561 finiri
896 2504 1010 2580 potest.
1056 2496 1140 2563 Nam
1163 2517 1234 2563 cum
1264 2499 1338 2563 inde
1359 2501 1401 2563 ab

247 2618 331 2664 enno
355 2599 485 2676 855t101
514 2617 616 2680 usque
637 2598 680 2663 ad
702 2618 821 2663 annum
843 2598 980 2676 scottos
1003 2599 1036 2661 in
1052 2597 1225 2662 Germania
1246 2598 1400 2662 Inferiore

248 2700 334 2783 legio
350 2701 375 2765 Ι.
387 2700 462 2764 Min.
479 2720 544 2764 non
559 2699 697 2764 adfuerit
711 2717 817 2780 neque
832 2698 901 2763 fieri
918 2698 1067 2780 potuerit,
1084 2701 1119 2760 ut
1132 2696 1266 2763 Acutius
1281 2697 1400 2780 Nerva,

248 2802 305 2886 qui
327 2820 411 2867 anno
434 2800 570 2881 8541100
594 2799 759 2865 consulatu
782 2799 908 2864 functus
932 2804 997 2881 est,
1026 2804 1101 2864 ante
1123 2818 1240 2864 annum
1264 2799 1401 2879 8571103

246 2902 447 2988 provinciam
461 2902 617 2984 inciperet
637 2899 906 2983 administraret),
929 2900 1084 2982 sequitur,
1107 2905 1143 2964 ut
1159 2899 1255 2967 bellis
1271 2901 1402 2968 Dacicis

247 3004 400 3073 confectis
429 3003 559 3070 demum
591 3002 702 3068 titulus
730 3002 854 3085 positus
884 3003 935 3068 sit.
986 2999 1082 3078 Quod
1111 3000 1198 3067 haud
1226 3003 1272 3068 ita
1301 3005 1401 3070 multo

332 3193 357 3255 1)
379 3189 412 3244 10
429 3187 624 3256 „Aren-mig.
637 3186 745 3240 Mittcil.
763 3200 813 3240 000
832 3184 1018 3240 0000000101]κ
1037 3184 1097 3240 XV.
1111 3202 1139 3254 p.
1153 3188 1203 3240 103
1209 3201 1267 3254 sqq.

332 3281 357 3343 2)
376 3274 417 3330 01.
436 3272 556 3329 eiusdem
574 3270 789 3326 dissertationem
808 3269 868 3333 ,die
879 3270 993 3324 Fahncn
1006 3271 1041 3324 im
1054 3270 1132 3325 Rom.
1146 3270 1247 3325 ficere*
1268 3271 1296 3324 in
1311 3269 1397 3331 „Aba

246 3361 272 3415 d.
290 3358 479 3427 Arch.·Epigr.
498 3357 634 3412 Seminane
652 3356 678 3411 d.
699 3355 819 3410 Univers.
838 3355 933 3410 Wien“
956 3359 1031 3420 1885,
1048 3372 1076 3425 p.
1090 3360 1131 3410 55.

332 3449 358 3509 3)
375 3443 410 3497 cl.
424 3443 517 3497 Manil.
530 3442 565 3496 II.
579 3446 639 3497 439.

331 3532 357 3594 4)
375 3526 411 3582 ol.
425 3526 615 3594 „Aren-mig.
628 3525 699 3580 Mitt.
713 3540 763 3580 aus
776 3526 880 3581 Oestr.“
893 3525 942 3580 VI.
955 3529 970 3578 1
982 3529 1019 3590 (0.
1034 3523 1126 3590 list).

333 3616 359 3679 t)
377 3611 447 3666 Nam
465 3626 499 3664 ex
516 3609 570 3663 illis
583 3610 786 3664 Germaniarum
803 3609 906 3677 legatis,
929 3625 1041 3678 qnorum
1060 3623 1168 3662 cursum
1186 3606 1318 3661 honorum
1335 3621 1399 3661 exa·

246 3697 358 3753 minavit
374 3693 563 3762 Ritterlingius
579 3698 617 3763 (p.
630 3697 660 3748 11
676 3693 739 3749 adn.
759 3699 792 3760 3),
811 3710 872 3748 eum
889 3695 1037 3764 permultos
1055 3691 1198 3746 manifesto
1216 3691 1304 3747 tribus
1321 3693 1399 3747 annis

245 3781 490 3852 postconsulatum
503 3779 609 3834 demum
620 3779 786 3848 provinciam
798 3780 933 3848 ingressos
944 3793 1004 3834 csse
1017 3777 1184 3842 ostendatur,
1202 3793 1273 3832 nnus
1286 3777 1399 3832 Petilius

247 3865 368 3930 Cerialis,
387 3880 442 3921 cos.
455 3865 520 3919 anni
533 3863 634 3934 Sillii,
652 3868 763 3932 propter
781 3864 881 3919 bellum
895 3863 988 3918 eodem
1000 3877 1072 3916 anno
1090 3862 1252 3930 legationem
1270 3862 1399 3932 suscepit.

247 3954 346 4007 Omnes
364 3949 410 4004 alii
422 3955 485 4018 post
497 3949 668 4005 consulatum
680 3963 746 4002 eura
758 3949 828 4003 alvei
839 3947 945 4003 Tiberis
963 3947 1004 4002 vel
1017 3947 1069 4002 alio
1083 3947 1173 4004 officio
1186 3947 1324 4003 consulari
1337 3962 1399 4016 per·

246 4034 335 4092 iuncti
351 4033 476 4091 videntur
493 4048 561 4099 esse,
579 4034 735 4102 priusquam
752 4035 780 4086 in
798 4032 965 4100 provinciam
983 4032 1099 4102 proiecti
1116 4039 1189 4090 sunt.
