3170 4742
262 271 302 332 40
734 269 798 325 Otto
816 269 947 338 Schilling

262 447 364 511 latum
386 443 506 528 lapidis
528 444 718 510 auctoritate
740 442 804 507 nisi
826 441 1012 522 statuimus3
1035 441 1133 508 immo
1149 440 1218 508 veri
1240 444 1289 506 est
1310 439 1416 506 simile

262 567 327 612 nna
352 566 423 612 cum
447 547 503 612 illo
519 546 626 612 Annio
649 545 835 611 centurione
856 543 975 609 milites
998 561 1126 626 quoque
1149 542 1293 610 eiusdem
1315 541 1415 624 legio-

262 650 313 716 nis
336 649 369 714 in
392 649 554 732 Europam
583 646 785 714 transductus
815 665 902 729 esse,
933 646 988 726 qui
1014 647 1107 728 quasi
1128 646 1224 712 robur
1245 663 1350 710 norae
1372 644 1416 708 le-

262 751 368 834 gionis
392 756 514 833 essent,
542 751 595 816 vel
617 783 659 794 -
681 748 768 831 quod
790 749 927 814 fortasse
948 750 1066 814 rectius
1089 784 1130 794 —
1155 748 1196 814 ab
1219 748 1289 831 ipso
1312 746 1416 811 Annio

263 852 306 918 ad
322 852 506 918 Danuvium
528 849 661 918 fluvium
676 871 747 917 esse
764 849 928 916 deductos.
968 849 1114 917 Vidimus
1133 852 1218 918 enim
1234 870 1265 934 p.
1282 851 1323 912 32
1345 868 1417 931 per·

264 956 399 1020 multum
414 954 597 1021 interfuisse
613 953 745 1019 Traiani
767 971 864 1034 quam
879 952 1045 1018 celerrime
1061 956 1237 1021 exercitum
1251 952 1294 1018 ad
1309 952 1417 1017 Danu-

263 1057 351 1121 vium
373 1053 491 1122 flumen
513 1056 704 1122 collocatum
727 1073 858 1137 augere.

348 1157 393 1224 Ut
415 1158 513 1240 igitur
535 1158 718 1223 summatim
742 1176 825 1238 quae
848 1156 1038 1240 protulimus
1060 1162 1257 1240 repetamus:

349 1259 450 1343 Legio
467 1258 574 1324 XXX.
598 1259 697 1343 Ulpia
718 1259 893 1324 a'l'raiano
917 1259 1048 1325 condita
1070 1265 1118 1325 est
1140 1279 1224 1326 anno
1248 1258 1362 1339 scales
1386 1259 1418 1323 in

263 1363 370 1428 locum
392 1362 531 1444 legionis
553 1361 644 1426 XXI.
668 1361 807 1446 Rapacis
831 1366 863 1425 et
892 1361 1050 1427 collocata
1073 1361 1106 1426 in
1128 1362 1296 1428 Pannonia
1317 1360 1418 1444 Supe-

264 1465 357 1530 riore.
382 1498 420 1508 -
446 1465 496 1528 Ex
518 1482 651 1528 numero
679 1481 774 1545 quem
805 1461 945 1529 habebat
968 1461 1115 1545 efficitur,
1146 1470 1181 1528 ut
1202 1469 1299 1530 antea
1319 1462 1418 1529 unde·

262 1567 396 1648 triginta
418 1565 581 1631 exstitisse
604 1565 749 1647 legiones
773 1570 937 1648 putemns;
961 1583 1094 1646 quarum
1111 1566 1226 1648 viginti
1241 1585 1300 1631 sex
1318 1567 1351 1631 in
1373 1567 1418 1632 le·

263 1669 394 1750 gionum
418 1667 537 1733 tabulis
561 1672 797 1749 enumerantur,
821 1668 1009 1733 vicesimam
1031 1668 1202 1752 septimam
1225 1674 1257 1734 et
1279 1667 1418 1734 undetri-

263 1770 417 1836 cesimam
440 1769 586 1852 legiones
608 1768 666 1834 IX.
684 1769 861 1853 Hispanam
884 1776 917 1835 et
934 1769 1040 1834 XXll.
1057 1771 1297 1836 Deiotarianam
1318 1771 1418 1837 fuisse

264 1877 385 1937 certum
411 1878 467 1937 est.
513 1871 581 1936 Iam
605 1890 688 1953 quae
716 1870 918 1937 desiderator
946 1872 1032 1954 legio
1055 1893 1125 1959 non
1140 1878 1246 1956 potest
1268 1893 1332 1939 non
1353 1874 1420 1940 alia

263 1973 362 2039 luisse
390 1973 454 2038 nisi
487 1973 573 2053 legio
602 1972 673 2037 XV.
703 1973 916 2055 Primigenia;
951 1992 1047 2055 quam
1075 1995 1096 2039 a
1125 1975 1326 2058 Vespasiano
1355 1996 1418 2042 non

264 2078 515 2158 exauctoratum,
539 2073 597 2138 sed
619 2079 782 2156 receptam
806 2075 887 2140 etin
903 2075 1058 2141 orientem
1074 2077 1205 2142 missam
1221 2097 1291 2143 esse
1307 2079 1419 2161 paucis

264 2175 513 2244 demonstratum
543 2180 600 2241 est.
647 2175 794 2258 Denique
823 2177 984 2260 legionem
1010 2178 1067 2242 Ill.
1091 2178 1270 2262 Augustam
1300 2181 1419 2247 milites

263 2279 390 2344 misisse
413 2299 485 2344 cum
499 2279 607 2343 Annio
623 2277 770 2344 Martiale
791 2280 975 2346 centurione
998 2281 1040 2346 ad
1063 2281 1225 2365 legionem
1240 2281 1346 2348 XXX.
1364 2283 1419 2350 Ul-

264 2381 353 2462 piam
376 2377 631 2447 constituendam
654 2399 697 2445 ex
723 2383 791 2448 eius
816 2384 919 2464 ipsius
942 2383 1034 2449 titulo
1058 2385 1255 2467 collegimus.

363 2671 381 2742 §
404 2670 433 2731 2.
480 2669 535 2732 De
557 2668 793 2732 nominibus
816 2668 1000 2748 legionis
1023 2668 1128 2731 XXX.
1155 2669 1310 2750 Ulpiae.

350 2800 466 2881 Ulpiae
490 2818 666 2880 cognomen
694 2820 715 2864 a
745 2798 909 2865 conditore
939 2801 1009 2881 ipso
1032 2802 1167 2884 petitum
1195 2805 1227 2868 in
1256 2804 1417 2888 plerisque

263 2901 401 2984 legionis
433 2900 533 2966 titulis
562 2901 738 2982 invenitur,
769 2919 851 2982 quae
882 2920 933 2967 res
955 2922 1027 2968 cum
1049 2923 1108 2986 per
1130 2909 1200 2980 se1)
1223 2905 1419 2988 intellegitur

263 3011 330 3070 tum
360 3023 399 3070 eo
427 3004 524 3069 facile
554 3004 753 3086 explicatur,
783 3002 870 3085 quod
898 3005 1036 3086 legionis
1065 3006 1171 3088 gloria
1193 3014 1224 3074 et
1246 3010 1419 3074 auctoritas

263 3107 395 3173 victoris
412 3106 498 3171 illius
514 3113 545 3170 et
560 3106 636 3171 iusti
651 3105 853 3189 imperatoris
869 3108 1007 3190 nomine,
1032 3108 1119 3192 plebi
1143 3111 1301 3193 militique
1316 3131 1419 3194 aeque

263 3216 366 3293 grato,
391 3208 477 3273 haud
500 3207 704 3273 mediocriter
727 3209 914 3290 augebatur.
951 3209 1102 3276 Attamen
1117 3213 1246 3295 saepius
1269 3233 1364 3297 quam
1386 3215 1420 3279 in

264 3311 366 3377 titulis
382 3309 519 3390 legionis
535 3308 559 3373 I.
577 3309 753 3375 Minerviae
769 3330 948 3392 cognomen
972 3314 1123 3379 omissum
1147 3322 1203 3381 est.
1241 3317 1324 3381 Nam
1348 3336 1420 3382 cum

263 3431 341 3473 anus
362 3411 458 3492 illius
486 3411 625 3493 legionis
653 3412 764 3478 titulus
794 3419 914 3494 exstet,
944 3415 976 3478 in
1005 3434 1068 3498 quo
1098 3417 1315 3491 „Minerviae
1347 3439 1419 3502 cog-

263 3532 380 3579 nomen
403 3510 604 3578 desideretur
614 3515 647 3596 ²),
672 3520 782 3578 contra
804 3515 942 3596 legionis
966 3515 1071 3580 XXX.
1096 3524 1168 3582 octo
1179 3518 1203 3594 ³)
1228 3519 1418 3605 invenimus,

265 3616 298 3680 in
327 3615 442 3698 quibus
472 3632 622 3679 numerus
652 3615 739 3680 solus
768 3621 895 3681 notatus
924 3618 975 3682 sit.
1028 3617 1094 3682 Sed
1124 3619 1220 3700 plane
1249 3623 1420 3706 perspicua

354 3769 377 3829 1)
402 3764 472 3818 Nam
495 3770 523 3817 et
547 3762 615 3817 alias
640 3763 758 3831 legiones
783 3765 943 3832 cognomina
963 3767 1075 3834 propria
1096 3771 1124 3821 et
1148 3770 1225 3836 quasi
1250 3772 1342 3826 nativa
1365 3789 1420 3828 non

265 3849 388 3902 omittere
406 3847 493 3902 solere
511 3847 679 3902 notissimum
697 3853 747 3902 est.

350 3935 375 3998 2)
394 3930 483 3986 citit.
496 3931 530 3986 X.
544 3935 611 3986 3896
624 3932 660 3996 (n.
675 3935 725 3998 81).

351 4020 375 4082 3)
393 4015 430 4072 ci.
443 4015 515 4070 inira
527 4016 581 4071 ind.
596 4019 783 4085 cognominum
800 4018 849 4087 leg.
863 4017 940 4072 XXX
950 4047 957 4059 ·
966 4018 991 4074 V
1000 4048 1007 4059 ·
1016 4019 1048 4075 V.
