3170 4742
296 274 335 335 32
527 263 529 268 ’
773 269 836 324 occo
854 269 983 340 Schismg

297 451 384 516 vium
406 448 598 528 habitantes,
622 444 677 528 qui
692 443 812 510 bellum
829 442 950 508 illaturi
964 443 983 518 ¹)
1007 442 1142 508 fuissent
1157 442 1278 526 populo
1294 442 1456 524 Romane,

297 554 418 638 virtute
437 550 507 617 sola
530 555 562 616 et
584 548 742 632 gravitate
766 545 811 611 ita
833 546 1013 612 coercuisse
1039 544 1214 611 memoriae
1238 543 1386 626 tradidit,
1418 553 1458 610 ut

297 653 429 721 consilio
452 656 573 718 mutato
597 667 710 732 pacem
727 666 856 715 servare
880 649 1160 730 perseverarent.²)
1204 646 1302 714 Cuius
1318 647 1365 713 rei
1380 667 1457 730 gra-

298 757 447 823 vissimus
470 755 539 840 ipse
555 752 713 818 Traianus
736 751 826 818 testis
842 757 900 834 est,
924 751 1065 833 quicum
1083 749 1237 836 Coloniae
1252 749 1456 834 Agrippinae

299 859 468 942 imperium
484 856 687 940 suscepisset,
702 873 766 920 uon
782 852 960 937 confestim,
976 858 1011 918 ut
1021 852 1070 918 fas
1086 858 1163 936 erat,
1179 853 1363 919 Romamne
1379 872 1456 918 con·

298 960 386 1044 tulit,
417 958 474 1026 sed
497 977 555 1044 per
577 956 657 1024 duos
680 956 806 1024 circiter
828 975 929 1023 anuos
952 957 1034 1022 inter
1057 955 1209 1022 barbaras
1232 961 1343 1038 gentes
1366 974 1455 1035 com-

299 1061 482 1128 morabatur
493 1063 532 1144 ³),
562 1060 666 1144 primo
689 1058 731 1125 ad
753 1057 901 1125 Rhenum
912 1062 934 1132 ⁴)
956 1056 1082 1140 flumen,
1106 1056 1225 1124 deinde
1246 1056 1289 1123 ad
1311 1057 1456 1124 Danuvii

299 1165 397 1247 ripas.
421 1198 460 1207 -
484 1161 620 1229 Videtur
642 1160 803 1228 mehercle
821 1180 919 1227 causa
933 1160 1031 1227 fuisse
1047 1160 1181 1225 maximi
1197 1160 1347 1226 momenti
1370 1179 1454 1226 sum-

300 1285 449 1350 mumque
471 1266 624 1332 institisse
646 1263 761 1330 linibus
785 1264 997 1330 Romanorum
1020 1263 1200 1330 aDauuvii
1228 1262 1347 1330 accolis
1369 1264 1454 1346 peri-

300 1371 416 1453 culum,
433 1390 505 1437 cum
520 1370 694 1452 imperator
709 1368 903 1451 legationem
918 1364 1093 1448 gerendam
1108 1365 1261 1432 mandare
1276 1386 1340 1432 non
1355 1365 1452 1432 audc-

300 1478 358 1556 ret,
381 1473 439 1540 sed
455 1492 514 1538 sua
528 1472 630 1554 ipsius
653 1472 770 1536 virtute
786 1475 819 1535 et
833 1469 1011 1536 constantia
1033 1488 1113 1552 opus
1130 1487 1200 1536 esse
1216 1475 1371 1548 censeret,
1393 1486 1454 1545 ,ne

301 1574 379 1657 quid
402 1573 585 1641 detrimenti
608 1579 738 1657 caperet
760 1591 811 1640 res
834 1571 994 1655 publica.“
1018 1607 1060 1616 —

386 1677 429 1743 At
450 1677 606 1762 profecto,
633 1696 705 1743 cum
727 1677 899 1760 plurimum
921 1676 1089 1742 interesset
1111 1675 1243 1740 Traiani
1269 1676 1455 1758 compositis

302 1780 487 1847 tumultibus
503 1799 599 1862 quum
614 1778 781 1846 celerrime
797 1778 930 1844 Romam
946 1777 1115 1862 proficisci,
1137 1776 1257 1843 bellum
1270 1797 1335 1843 non
1350 1778 1457 1843 intulit

302 1881 446 1948 barbaris
469 1881 736 1965 superbientibus.
775 1880 858 1946 Nam
875 1900 946 1947 cum
961 1879 1136 1948 timendum
1160 1885 1254 1960 esset,
1276 1899 1318 1945 ne
1333 1881 1455 1964 grauis-

303 1983 384 2049 simo
400 1989 432 2049 et
447 1982 595 2048 diuturno
617 1982 704 2049 bello
720 2001 800 2065 opus
817 1988 910 2064 esset,
933 1983 999 2048 alia
1013 1982 1153 2066 quadam
1169 2001 1205 2049 rc
1220 1988 1341 2049 tautum
1363 1983 1453 2049 timo·

302 2104 371 2150 rem
386 2085 451 2152 illis
465 2086 607 2167 incussit,
630 2091 664 2149 ut
679 2085 777 2151 armis
791 2084 932 2151 nondum
953 2085 1088 2152 conlatis
1104 2086 1231 2171 incepto
1255 2085 1449 2152 desisterent.

389 2188 501 2270 ltaque
525 2187 585 2254 hoc
612 2188 764 2271 temporis
792 2193 910 2271 puncto
932 2187 1107 2253 Traianum
1131 2189 1291 2255 inlocum
1315 2187 1445 2270 legionis

304 2290 394 2355 XXI.
409 2291 549 2374 Rapacis
572 2310 688 2356 novam
710 2291 912 2357 constituisse
936 2297 968 2356 et
986 2290 1029 2356 ad
1044 2290 1228 2358 Danuvium
1251 2290 1365 2358 flumen
1384 2289 1446 2356 col-

305 2392 429 2459 locasse
453 2393 683 2460 conicientibus
706 2393 798 2460 nobis
815 2399 847 2459 et
863 2413 960 2460 causa
977 2392 1130 2477 indagata
1147 2399 1204 2476 cst,
1227 2413 1292 2477 qna
1307 2393 1455 2461 commoti

305 2495 434 2562 barbari
449 2497 482 2562 in
497 2514 578 2580 pace
593 2501 846 2581 perseverarent,
870 2501 902 2562 et
917 2515 1025 2568 conas,
1046 2497 1079 2561 in
1094 2515 1158 2578 quo
1174 2496 1335 2580 legionem
1350 2493 1455 2560 XXX.

306 2598 435 2683 Ulpiam
451 2599 663 2683 conscriptam
681 2617 751 2666 esse
767 2599 835 2665 veri
852 2597 1049 2665 simillimum
1064 2598 1115 2682 sit,
1137 2597 1277 2664 hiemem
1293 2597 1366 2664 dico
1382 2598 1457 2664 anni

208 2759 210 2764 .
306 2702 419 2780 eteros
442 2701 485 2766 au
509 2701 633 2780 scelos.
658 2735 695 2745 —

392 2800 485 2879 Quod
501 2803 660 2868 Traianus
675 2802 836 2886 legionem
851 2821 962 2869 recens
980 2809 1119 2870 creatam
1144 2802 1380 2879 ,tricesimam“
1402 2823 1459 2886 ap·

306 2906 458 2990 pellavit,
488 2906 557 2972 sine
581 2905 679 2973 dubio
703 2925 741 2974 co
764 2904 923 2973 adductus
946 2912 1010 2989 est,
1039 2905 1125 2990 quod
1155 2905 1337 2989 legionibus
1360 2904 1460 2972 uude·

394 3115 417 3176 1)
436 3108 471 3165 cf.
482 3110 550 3168 Plin.
563 3124 661 3179 paneg.
673 3122 731 3177 cap.
744 3112 789 3162 56:
807 3106 995 3175 ,Magnificum
1007 3111 1049 3162 est
1063 3106 1166 3162 civibus
1178 3108 1246 3172 iura,
1259 3106 1323 3178 quid
1334 3107 1461 3162 hostibus

307 3197 440 3251 reddere?
475 3194 633 3264 Speciosum
652 3198 754 3248 certam
771 3192 824 3247 lori
841 3207 948 3261 pacem,
968 3192 1032 3260 quid
1049 3192 1180 3249 immanes
1199 3207 1308 3262 campos
1327 3193 1394 3248 sella
1414 3208 1462 3247 cu·

307 3281 359 3336 ruli
372 3281 535 3348 victorisque
547 3279 657 3346 uestigio
674 3292 805 3347 premere,
823 3278 960 3333 imminere
972 3278 1121 3334 minacibus
1135 3277 1202 3347 ripis
1220 3283 1309 3333 tutum
1327 3279 1461 3348 quietum·
1489 3287 1491 3294 ’

309 3380 370 3435 que,
388 3379 516 3434 spernere
528 3365 659 3422 barbaros
677 3363 800 3420 fremitus
819 3364 997 3434 hostilemque
1014 3368 1145 3420 terrorem
1156 3380 1211 3420 non
1224 3379 1360 3420 armorum
1378 3365 1463 3432 magis

309 3465 388 3518 quam
406 3454 529 3518 togarum
546 3449 725 3506 ostentatione
744 3450 949 3518 compescere?“
1566 3475 1567 3518 5

395 3539 421 3604 2)
438 3534 479 3590 ld.
495 3534 559 3591 ibid.
575 3550 634 3605 cap.
651 3540 692 3590 lt:
719 3535 796 3598 ,Non
814 3536 890 3591 times
909 3535 981 3591 bella
1003 3550 1054 3590 nec
1077 3551 1217 3606 provocas.
1259 3535 1388 3604 Magnum
1412 3538 1463 3599 cst,

309 3623 459 3694 Imperator
477 3621 608 3691 Anguste,
626 3636 751 3690 magnum
769 3623 813 3676 est
831 3625 905 3676 sture
926 3621 955 3676 in
972 3621 1089 3676 Danuvii
1106 3619 1181 3690 ripa,
1204 3621 1228 3676 si
1245 3625 1384 3685 transeas,
1405 3634 1464 3674 ccr-
1566 3633 1567 3708 ζ

309 3715 365 3764 turn
377 3707 516 3776 triumphi,
530 3721 579 3761 nec
592 3706 731 3762 decertare
744 3721 844 3776 cupere
857 3722 918 3761 cum
931 3706 1131 3771 recusantibus,
1150 3722 1263 3775 quorum
1276 3707 1391 3762 alterum
1406 3704 1463 3760 lor·

309 3794 433 3859 titudine,
452 3795 566 3848 alterum
584 3793 766 3848 moderatione
785 3791 925 3848 edicitur!⁴

396 3882 422 3944 3)
440 3876 476 3932 ci.
495 3877 601 3932 Eckhcl
619 3877 653 3932 D.
672 3877 707 3932 N.
725 3876 771 3932 VI.
790 3894 817 3946 p.
831 3880 890 3932 413.

395 3966 421 4029 4)
438 3962 561 4031 Namque
571 3963 710 4032 imperium
719 3963 839 4033 suscepit
847 3963 1156 4031 coloniacAgrippinac,
1167 3959 1353 4031 utEutropiue
1363 3959 1466 4016 vlits

310 4048 431 4116 tradidit,
450 4047 599 4117 imperator
616 4053 706 4104 autem
724 4047 797 4117 apud
815 4047 993 4117 Agrippinam
1011 4047 1039 4102 in
1058 4047 1142 4103 (iuliis
1160 4045 1251 4102 factus
1269 4050 1318 4100 est.
