3170 4742
285 308 326 368 70
756 308 821 364 Otto
838 308 968 377 Schilling

283 482 428 566 pertibus
457 482 607 548 stetisset.
651 481 741 548 Illius
764 483 797 547 in
819 482 925 548 locum
950 481 1040 548 aliud
1062 480 1219 564 Lugduno
1245 482 1316 547 urbi
1344 502 1442 565 prae-

284 583 402 650 sidium
424 583 610 667 impositum
633 603 704 649 esse
734 585 818 667 „soit
840 604 900 667 par
921 603 984 650 une
1006 583 1138 650 cohorte
1160 583 1346 665 auxiliaire,
1376 585 1443 649 soit

284 706 343 770 par
365 704 427 750 une
450 684 582 751 cohorte
605 686 684 751 tiree
707 685 766 752 des
787 685 913 769 legions
936 686 978 753 de
1000 681 1204 752 Germanie“.
1248 685 1287 750 ld
1310 705 1441 769 quoque

283 807 342 871 pro
371 793 459 852 certo
488 786 640 853 affirmari
667 807 763 872 posse
793 786 872 852 mibi
900 787 1029 854 videtur
1061 787 1241 854 vexillariis
1274 788 1440 870 legionum

284 888 432 972 Lugduni
456 889 660 955 tendentibus
689 890 833 955 tribunos
863 890 998 955 militum
1028 890 1225 974 praefuisse,
1255 889 1342 973 quod
1364 909 1440 972 pro·

284 992 377 1057 batur
399 990 500 1056 titulis
523 991 559 1055 B.
583 991 613 1058 J.
638 993 767 1075 83,164
789 995 832 1068 (n.
857 994 910 1068 22)
933 1000 964 1058 et
986 992 1133 1058 Boissieu
1156 995 1217 1056 334
1240 994 1281 1070 (n.
1306 994 1389 1068 124).

370 1091 464 1170 Quod
487 1092 627 1176 denique
649 1093 692 1159 ad
714 1100 938 1160 veteranorum
960 1094 1069 1159 titulos
1091 1094 1213 1175 attinet,
1237 1095 1342 1160 elucet
1365 1114 1439 1160 cum

283 1195 433 1260 Wienero
456 1195 637 1261 faciendum
662 1215 749 1277 esse,
778 1197 825 1260 ita
847 1202 969 1278 tamem
999 1202 1034 1260 ut
1055 1197 1221 1277 utriusque
1244 1195 1439 1262 Germaniae

282 1299 427 1380 legiones
456 1303 529 1380 post
557 1317 675 1362 annum
704 1297 840 1376 951s197
867 1297 1059 1378 Lugdunum
1087 1299 1289 1381 potissimum
1318 1300 1440 1364 milites

283 1399 419 1466 honesta
448 1401 600 1465 missione
630 1400 794 1483 praeditos
825 1400 1000 1466 deduxisse
1028 1407 1215 1466 statuamus.
1263 1400 1361 1467 Ouius
1391 1403 1441 1467 rei

283 1520 367 1583 quae
388 1502 484 1567 fuerit
507 1522 613 1582 causa,
640 1502 736 1567 facile
759 1500 838 1566 mibi
860 1501 974 1567 videor
997 1503 1161 1585 explicare
1184 1522 1287 1586 posse.
1333 1502 1440 1586 Septi-

282 1604 382 1668 mium
405 1604 500 1687 enim,
523 1610 692 1686 postquam
716 1605 885 1669 vlotoriam
908 1603 949 1670 de
964 1604 1082 1669 Albino
1105 1606 1290 1686 reportavit,
1314 1625 1440 1672 summo

183 1739 186 1745 ·
282 1705 389 1770 furore
412 1705 552 1788 odi0que
576 1724 701 1782 omnes,
724 1706 779 1789 qui
803 1706 892 1771 illum
916 1706 1117 1788 adiuverunt,
1139 1714 1343 1790 persecutum
1366 1727 1439 1774 esso

283 1826 325 1872 ex
341 1805 503 1890 Spartiani
525 1808 707 1873 narratione
722 1809 809 1873 vitae
825 1806 938 1874 Severi
954 1808 1107 1874 discimus
1122 1812 1204 1891 (cap.
1224 1811 1291 1884 12J:
1316 1809 1437 1892 „Inter-

283 1909 374 1975 fectis
391 1910 564 1974 innumeris
581 1909 690 1974 Albini
709 1910 848 1992 partium
862 1911 950 1992 viris,
974 1911 1056 1975 inter
1071 1929 1151 1993 quos
1167 1911 1258 1975 multi
1274 1912 1439 1995 principes

283 2011 439 2092 civitatis,
469 2012 588 2075 multae
610 2010 750 2076 feminae
772 2012 913 2077 illustres
935 2009 1077 2093 luerunt,
1107 2013 1248 2077 omnium
1273 2014 1359 2079 bona
1380 2034 1437 2097 pu-

282 2113 403 2179 blicata
418 2120 490 2179 sunt
507 2114 732 2194 aerariumque
754 2120 929 2195 auxerunt3
952 2102 1066 2180 tumet
1081 2115 1297 2199 Hispanorum
1314 2123 1348 2182 et
1364 2116 1439 2183 (lal-

283 2216 384 2280 lorum
406 2233 557 2304 proceres
581 2216 671 2279 multi
695 2217 792 2282 occisi
815 2213 926 2297 sunt“;
954 2216 1143 2298 quibuscum
1167 2219 1313 2284 conferas
1338 2219 1436 2284 Hero-

283 2317 372 2382 diani
395 2318 496 2382 verba
518 2317 599 2383 haec
621 2318 677 2382 ΙΙΙ.
702 2321 731 2400 2,
754 2320 789 2381 2:
919 2315 1220 2394 τάνεκοτὰτὰς
1237 2319 1439 2398 Γαλλίας,

283 2413 328 2494 ὡς
344 2411 438 2503 ᾤετο,
462 2412 584 2501 ἄριστα
608 2417 751 2498 διαθείς,
775 2416 906 2494 πάντας
920 2443 957 2483 τε
974 2417 1052 2496 τούς
1069 2411 1265 2503 Ἀλβίνου
1289 2421 1439 2507 φίλους

283 2519 351 2585 εἴτε
366 2518 524 2596 ἑκουσίως
547 2513 619 2584 εἴθ’
639 2515 706 2584 ὑπὸ
724 2513 866 2607 ἀνάγκης
883 2513 972 2606 αὐτῷ
989 2526 1238 2605 γνωρισθέντος
1261 2521 1439 2608 φονεύσας,
1542 2585 1544 2589 .

282 2619 342 2696 τάς
363 2645 401 2685 τε
423 2613 541 2697 οὐσίας
565 2615 673 2685 αὐτῶν
697 2619 877 2708 δημεύσας,
905 2618 938 2697 ἐς
960 2620 1020 2709 τὴν
1040 2618 1167 2709 Ῥώμην
1188 2617 1343 2709 ἠπείγετο
1367 2624 1439 2686 κτλ.

369 2724 482 2806 Itaque
519 2726 584 2789 illis
618 2725 815 2807 temporibus
848 2727 1009 2808 permulta
1041 2726 1176 2809 praedia
1210 2724 1341 2806 agrique
1376 2744 1439 2806 per
1550 2797 1553 2804 Δ

283 2825 407 2890 Gallias
431 2831 463 2889 et
491 2825 524 2888 in
552 2826 665 2907 primis
688 2825 854 2907 Lugduni,
885 2846 967 2909 quae
989 2828 1065 2893 urbs
1088 2831 1228 2894 maxime
1250 2827 1393 2891 omnium
1418 2847 1440 2891 a

283 2926 437 2991 militibus
461 2925 636 2992 victoribus
659 2933 779 2994 vexata
800 2928 928 2994 videtur
951 2948 1038 3011 esse,
1063 2950 1167 2996 vacua
1189 2935 1288 3010 erant,
1321 2928 1441 3012 quibus

283 3029 428 3095 veterani
450 3049 509 3112 pro
531 3030 653 3095 meritis
676 3030 880 3096 donarentur.
1071 3096 1076 3102 ,

367 3130 489 3214 Restat,
513 3138 547 3195 ut
563 3130 786 3214 Boissieuium,
811 3133 865 3215 qui
882 3133 950 3209 (1.1.
967 3152 999 3215 p.
1017 3136 1056 3196 65
1068 3135 1128 3215 sq.)
1151 3132 1316 3223 contendit
1338 3138 1442 3198 totam

282 3233 442 3314 legionem
466 3231 489 3294 Ι.
506 3230 695 3296 Minerviam
719 3233 845 3298 circiter
866 3253 984 3297 annum
1006 3232 1314 3314 964l210‘Lugduni
1338 3239 1440 3299 teten-

282 3333 379 3413 disse,
395 3332 578 3398 refutemus.
601 3333 748 3416 Namque
764 3353 835 3399 cum
849 3335 881 3399 in
893 3335 1099 3417 inscriptione
1111 3334 1214 3400 Boiss.
1228 3337 1278 3416 65,
1292 3334 1441 3400 XLVIII.

282 3437 324 3509 (n.
351 3431 404 3514 13)
434 3470 476 3478 -
502 3453 585 3516 quae
608 3435 721 3500 eodem
746 3455 829 3500 anno
853 3455 916 3518 quo
940 3435 1061 3501 Castini
1084 3437 1193 3501 tltulus
1215 3437 1249 3500 in
1271 3436 1444 3503 Pannonia

283 3541 415 3601 exarata
444 3542 492 3601 est
520 3536 572 3616 (ci.
602 3556 699 3619 supra
720 3558 751 3620 p.
768 3539 821 3613 64)
845 3572 885 3582 -
908 3538 945 3601 Τ.
970 3537 1101 3603 Flavius
1125 3536 1292 3604 Secundus
1315 3537 1442 3622 Philip-

282 3638 396 3722 pianus
425 3637 608 3721 appellatus
636 3639 679 3704 sit
706 3639 769 3721 leg.
798 3639 923 3722 Auggg.
958 3659 1049 3722 prov,
1078 3637 1221 3722 Lugud,
1256 3641 1319 3724 leg.
1354 3643 1443 3724 legg.

282 3741 306 3804 I.
330 3740 506 3805 Minerviae
530 3745 562 3804 et
583 3739 689 3804 XIIII.
713 3741 884 3821 Geminae,
915 3741 972 3804 ille
993 3741 1043 3805 vir
1066 3739 1179 3806 doctus
1202 3762 1317 3808 munus
1340 3743 1445 3826 legati

281 3843 467 3925 provinciae
489 3843 671 3909 necessario
694 3845 895 3908 coniunctum
927 3843 1026 3908 fuisse
1049 3843 1207 3910 cumillis
1230 3847 1445 3926 sequentibus

282 3944 380 4026 legati
403 3945 565 4026 legionum
593 3944 716 4009 1.Min.
742 3944 900 4011 etXllII.
930 3941 1021 4008 Gem.
1052 3950 1177 4026 censet,
1207 3952 1243 4011 ut
1270 3945 1445 4034 efficiatur,

281 4063 365 4127 „que
397 4047 430 4110 la
461 4047 619 4128 premiere
652 4047 759 4128 legion
792 4046 940 4128 gemines
974 4044 1053 4127 (12),
1086 4051 1288 4113 surnommee
1322 4049 1446 4116 Miner-
