3170 4742
302 241 346 296 De
364 241 514 310 legionibus
532 242 717 298 Romanorum
735 242 757 298 I.
776 242 910 298 Mineruia
927 249 954 298 et
972 243 1059 299 XXX.
1078 243 1167 314 Ulpia.
1272 245 1312 303 49

152 420 226 498 post
252 415 373 481 factum
402 434 473 481 esse
503 421 625 499 potest,
649 417 736 499 quta
765 423 838 500 post
865 437 984 483 annum
1014 416 1149 497 8611107
1179 416 1313 486 Acutius

151 517 278 600 legatus
307 518 501 584 Germaniae
524 518 688 584 Inferioris
711 519 775 584 iam
799 539 862 585 non
884 520 983 586 fuisse
1006 518 1166 602 putandus
1190 525 1255 600 est,
1279 528 1314 587 ut

152 623 210 684 vix
232 619 273 686 de
296 627 383 687 recto
413 621 580 687 aberrasse
604 620 683 686 mihi
705 620 819 686 videar
841 620 884 687 ad
906 623 1012 705 ipsum
1034 641 1152 688 annum
1176 621 1311 702 tibitibi

152 722 245 788 titulo
269 722 327 789 illo
351 723 463 789 relato.
486 757 527 769 -

237 824 442 891 Manifestum
465 825 563 908 igitur
579 830 627 891 est
643 825 806 908 legionem
829 825 934 891 XXII.
952 825 1059 908 Prim,
1083 826 1204 910 quippe
1227 845 1311 908 quae

150 927 209 991 sub
242 924 280 1003 Q.
304 927 420 992 Acutio
433 977 434 980 η
449 927 637 993 vexillarios
666 946 738 993 cum
768 927 911 993 exercitu
934 928 1088 994 Inferiore
1110 928 1248 1012 miserit,
1278 930 1311 993 in

150 1027 257 1093 locum
272 1028 410 1111 legionis
425 1029 451 1093 Ι.
467 1029 646 1096 Minerviae
662 1028 704 1094 ad
720 1029 962 1112 expeditionem
978 1030 1133 1096 Dacicam
1152 1029 1311 1096 deductae

24 1134 26 1137 ’
150 1128 183 1193 in
204 1129 409 1197 Germaniam
430 1131 619 1197 Inferiorem
643 1151 714 1198 esse
736 1132 934 1198 translatam.
979 1131 1086 1214 Atque
1109 1132 1206 1198 etiam
1230 1133 1310 1216 ipsis

149 1233 261 1299 eastris
281 1232 504 1299 Bonnensibus
527 1253 600 1299 eam
623 1253 693 1300 esse
716 1233 902 1318 impositam
924 1233 1153 1316 contenderim,
1177 1254 1248 1299 cum
1272 1235 1309 1299 ti·

148 1335 233 1401 tulus
256 1336 365 1401 mititte
375 1333 397 1410 ¹)
420 1336 482 1418 leg.
500 1334 606 1400 XXII.
623 1336 674 1401 Pr.
692 1333 730 1400 P.
747 1333 784 1400 F.
800 1335 920 1401 ibidem
942 1334 1078 1402 effossus
1094 1336 1143 1401 sit.
1183 1335 1310 1402 Deinde

119 1435 235 1509 ‚bello
257 1435 379 1504 Dacico
410 1438 554 1504 confecto
585 1458 657 1505 oum
686 1439 748 1520 leg.
780 1438 804 1502 I.
828 1435 902 1502 Min.
926 1437 1073 1503 Bonnam
1101 1435 1255 1520 redisset,
1278 1436 1310 1502 in
1344 1453 1346 1458 “

151 1537 356 1604 Germaniam
373 1539 577 1624 Superiorem
600 1542 734 1606 reducta
749 1547 807 1607 est.
851 1540 964 1623 Itaque
987 1539 1068 1606 mibi
1091 1540 1310 1606 controversia.

149 1636 223 1720 illa,
256 1638 311 1721 qui
333 1638 495 1706 titulorum
518 1640 612 1705 trium
636 1640 901 1714 „Broblensium“
931 1642 981 1716 (cf.
1006 1662 1037 1724 p.
1051 1644 1073 1704 0
1087 1643 1147 1722 sq.)
1177 1640 1308 1727 primus,

149 1740 204 1822 qui
215 1746 396 1824 postremus
410 1747 560 1808 exaratus
573 1741 677 1820 011101.
690 1741 829 1826 Urlichs,
842 1743 879 1808 B.
892 1743 922 1808 J.
936 1745 1129 1824 36,100sq.;
1146 1741 1307 1808 111000011-

147 1842 237 1924 berg,
261 1842 339 1908 ibid.
364 1845 414 1926 38,
439 1846 480 1908 93
493 1845 574 1926 sqq.)
598 1843 778 1927 disceptata
800 1843 927 1910 videtur
950 1863 1022 1911 esse
1044 1842 1106 1927 ita,
1130 1850 1165 1909 ut
1186 1844 1308 1927 primus

149 1943 280 2027 quidem
301 1943 328 2011 is
351 1944 461 2011 titulus
484 1945 608 2028 positus
630 1946 686 2022 sit,
709 1946 742 2010 in
764 1965 827 2029 quo
844 1946 897 2012 VI.
915 1944 983 2013 Vie.
1007 1956 1040 2012 et
1061 1945 1102 2010 X.
1126 1945 1218 2012 Gem.
1241 1947 1308 2012 lau-

148 2047 263 2113 dantur
286 2083 328 2094 -
351 2067 389 2113 eo
413 2045 562 2113 nimirum
591 2054 753 2132 tempore,
781 2067 844 2130 quo
868 2048 995 2132 legione
1018 2049 1043 2115 Ι.
1066 2046 1143 2114 Min.
1166 2047 1308 2116 abducta

147 2149 234 2233 legio
250 2148 356 2214 XXII.
374 2148 516 2214 nondum
534 2156 734 2216 successerat
748 2183 801 2233 -,
818 2149 934 2216 deinde
950 2149 1016 2233 ille,
1032 2168 1128 2231 quem
1143 2149 1306 2231 legionum

148 2251 203 2315 VI.
220 2251 261 2315 X.
278 2251 386 2315 XXII.
402 2249 565 2315 vexillarii
581 2249 821 2335 dedicaverunt,
840 2257 1019 2336 postremus
1035 2251 1081 2317 tit.
1098 2251 1225 2317 Bramb.
1243 2253 1305 2316 680

149 2354 191 2428 (n.
209 2354 272 2436 70),
297 2350 338 2416 de
360 2370 424 2434 quo
448 2350 545 2416 modo
568 2349 702 2433 egimus.

233 2453 350 2537 Atque,
374 2452 408 2518 id
424 2451 512 2535 quod
527 2451 590 2520 hoo
604 2453 674 2537 ipso
690 2453 799 2537 lapide
823 2455 1058 2539 comprobatur,
1082 2456 1167 2521 bello
1185 2453 1305 2521 Dacico

148 2557 294 2622 confecto
329 2554 435 2622 statim
468 2555 628 2637 legionem
656 2557 680 2622 I.
704 2556 779 2622 Min.
810 2557 843 2622 in
876 2556 1082 2623 Germaniam
1115 2557 1304 2623 Interiorem

145 2656 269 2724 redisse
298 2657 363 2722 alio
393 2676 521 2740 quoque
550 2658 642 2724 titulo
672 2656 853 2724 declaratur
879 2658 936 2724 III.
961 2661 1043 2725 6810
1073 2662 1115 2737 (n.
1133 2661 1179 2739 3),
1209 2678 1304 2741 quem

146 2762 229 2825 inter
262 2779 363 2825 annos
394 2760 531 2836 8601115
563 2761 759 2838 018711117
789 2761 928 2844 positum
959 2779 1031 2827 esse
1061 2761 1183 2843 elucet,
1217 2760 1304 2846 quod
1421 2785 1426 2804 ¹

145 2864 234 2928 11100
251 2860 436 2937 „Parthioi“
460 2862 651 2944 cognomine
667 2862 827 2929 Traianus
849 2863 913 2928 iam
937 2862 1120 2947 honoratus,
1144 2864 1201 2930 aed
1225 2885 1302 2931 non·

145 2965 220 3030 dum
245 2965 328 3029 inter
351 2961 496 3037 „Divos“
520 2967 670 3045 receptus
694 2965 781 3038 est.²)
826 2962 939 3045 Itaque
962 2983 1034 3028 oum
1058 2983 1141 3029 anno
1164 2967 1301 3043 8711117

143 3067 271 3149 ignotus
301 3066 358 3130 ille
387 3064 512 3147 legatus
541 3069 616 3147 post
644 3065 840 3147 legationem
868 3064 993 3131 duobus
1022 3065 1206 3131 muneribus
1237 3068 1301 3132 iam

142 3170 269 3234 functus
298 3167 340 3234 sit
368 3166 464 3248 (.,Ieg.
494 3185 567 3248 aug.
598 3186 644 3249 pr.
674 3187 721 3249 pr.
752 3166 895 3251 provinc.
919 3166 1025 3233 Galat.
1056 3166 1176 3250 Phryg.
1200 3167 1300 3235 Pisid.

144 3270 285 3354 Lycaon.
317 3267 475 3351 Paphlag.
505 3269 580 3333 item
612 3268 654 3333 ad
684 3287 798 3335 census
822 3268 1030 3353 Paphlag.“),
1054 3267 1130 3334 inde
1152 3271 1193 3335 ab
1216 3290 1300 3337 anno

145 3371 281 3452 8621108
305 3405 346 3417 -
370 3370 503 3451 8651111
530 3388 602 3436 eum
631 3370 773 3453 legatum
802 3370 938 3454 legionis
960 3371 985 3436 I.
1009 3371 1084 3436 Min.
1114 3372 1212 3440 fulsse
1242 3394 1299 3458 pro

83 3557 85 3562 .
144 3481 237 3542 certo.
255 3473 408 3558 habeam,
437 3479 535 3555 atque
559 3491 598 3538 ea
620 3473 692 3556 ipsa
714 3470 756 3538 de
778 3492 891 3554 causa,
915 3472 1001 3556 quod
1024 3474 1121 3555 paulo
1146 3482 1220 3542 ante
1244 3476 1299 3545 de·

142 3598 229 3644 mum
251 3577 338 3658 legio
363 3577 421 3642 illa
442 3577 475 3643 in
499 3574 583 3641 hane
604 3575 807 3659 provinciam
829 3574 985 3658 redierat,
1015 3575 1167 3643 dilucidis
1190 3579 1298 3646 verbis

229 3832 253 3894 1)
271 3827 380 3881 Bramb.
394 3831 458 3882 468:
478 3826 513 3882 D.
532 3826 570 3880 M.
584 3826 594 3894 11
607 3825 657 3880 Iul.
670 3825 788 3882 Paterno
802 3825 879 3894 1111111.
896 3825 947 3896 leg.
959 3826 1047 3882 XXII.
1061 3826 1106 3883 Pr.
1118 3827 1129 3897 11
1143 3827 1173 3882 Ρ.
1186 3826 1218 3882 F.
1232 3829 1297 3898 stip.

144 3911 236 3967 XXIII
249 3913 259 3982 11
272 3909 416 3981 Opponius
432 3911 525 3966 Iustus
538 3912 547 3980 ΙΙ
561 3909 665 3966 Archit.
685 3910 771 3966 amieo
785 3911 823 3979 110
841 3926 871 3965 00
888 3911 961 3968 feeit.

228 4001 252 4064 2)
271 3996 306 4052 of.
321 4010 405 4064 supra
416 4012 443 4064 p.
456 3999 487 4049 41
502 3995 565 4051 adn.
579 4000 603 4052 4.

193 4089 305 4146 Leipm'ger
319 4089 418 4134 Studien
444 4089 497 4133 XV.
1125 4086 1141 4136 4
