3170 4742
288 273 330 327 De
347 270 496 341 legionibus
514 271 697 326 Romanorum
716 271 737 328 l.
757 271 888 326 Minervio
907 276 934 327 et
950 272 1036 326 XXX.
1056 272 1144 343 Ulpia,
1250 274 1289 332 65

16 473 17 476 ’
131 450 260 532 legatus
276 446 403 528 Auggg.
427 465 474 528 pr.
492 463 540 527 pr.
556 463 647 527 prov.
671 444 856 510 Pannoniae
878 445 947 510 fuit.
992 446 1098 528 Atque
1121 466 1184 529 quo
1206 467 1290 514 anno

131 550 301 617 consulatu
316 546 466 612 05511555
481 546 608 612 1555155
624 547 675 630 511,
699 547 826 612 etiamsi
848 546 1001 612 traditum
1016 568 1080 613 non
1103 547 1289 631 habeamus,

130 660 239 718 tamen
267 649 332 714 alio
363 647 507 714 eiusdem
531 648 593 714 viri
622 649 715 714 titulo
738 649 867 714 Bramb.
892 652 1018 724 52015.
1044 650 1289 728 115150515115

129 751 474 821 155551515511551555
506 751 714 817 circumcludi
750 757 866 836 potest.
917 752 999 817 Nam
1029 752 1061 816 in
1090 752 1174 817 tituli
1203 753 1290 820 illius

130 853 279 920 Rhenani
308 853 404 918 terso
434 858 579 926 extremo
601 852 835 919 Brambaobios
857 851 889 913 A
901 852 931 913 V
944 848 969 917 G
984 847 1009 916 G
1025 851 1054 915 C
1067 853 1098 915 O
1111 849 1132 915 S
1162 861 1289 921 exstare

131 957 280 1038 affirmat,
304 953 401 1038 quod,
425 955 453 1020 si
469 960 569 1020 totam
591 956 746 1020 fastorum
767 955 983 1021 consularium
1006 957 1122 1022 seriem
1145 976 1289 1039 perscru-

130 1068 215 1126 tatus
231 1058 303 1141 eris,
327 1077 392 1122 non
414 1057 477 1122 nisi
499 1055 541 1123 ad
565 1076 683 1122 annum
700 1056 849 1139 9561202,
873 1075 937 1138 quo
960 1056 1133 1141 Septimius
1156 1059 1290 1142 eiusque

130 1162 216 1227 iilius
247 1160 289 1225 Μ.
311 1159 462 1226 Aurelios
485 1159 664 1225 Antoninus
688 1158 856 1225 Caracalla
884 1160 1049 1225 consulatu
1078 1159 1178 1227 functi
1207 1167 1289 1239 sunt,

132 1265 246 1330 referri
268 1281 364 1345 posse
387 1261 554 1328 concedes.
597 1260 712 1344 Itaque
733 1281 817 1326 anno
841 1263 977 1337 9561202
996 1261 1145 1328 05511555
1168 1263 1289 1344 legioni

131 1368 157 1433 l.
180 1365 358 1432 Minerviae
380 1365 506 1446 legatus
536 1363 676 1446 praefuit
691 1367 729 1448 11;
759 1369 791 1428 51
813 1364 964 1446 qnoniam
986 1369 1050 1429 tres
1073 1362 1140 1429 fere
1163 1382 1290 1448 semper

130 1469 206 1534 5551
221 1467 388 1532 intermitti
403 1467 551 1533 solebant
573 1467 657 1532 inter
673 1466 871 1533 consulatum
889 1472 922 1532 51
942 1466 1129 1550 provinciae
1151 1467 1288 1550 impera-

132 1570 233 1634 toriae
260 1568 585 1650 administrationem,
616 1568 776 1650 sequitur,
806 1574 842 1632 51
863 1569 946 1633 15155
967 1588 1067 1634 55555
1097 1569 1233 1646 9571203
1257 1576 1290 1635 51
1394 1581 1397 1586 ’

15 1763 16 1766 ¹
135 1673 269 1747 9611207
292 1669 441 1736 Castinus
464 1671 575 1736 consul
598 1670 703 1735 fuerit.

220 1773 287 1838 Iam
306 1773 477 1840 redeamus
500 1771 542 1837 ad
565 1771 770 1855 vexillarios,
800 1791 880 1854 quos
903 1770 1079 1847 „adversus
1108 1770 1288 1837 defectores

136 1881 167 1941 51
189 1875 344 1942 555511551
368 1874 501 1941 duxisse
517 1873 683 1940 05511555]
706 1893 804 1957 supra
825 1875 869 1956 (p.
891 1876 943 1948 641
966 1871 1116 1955 diximus,
1140 1879 1173 1940 et
1200 1874 1289 1940 1555-

130 1979 294 2061 stigemus,
318 1977 372 2061 qui
389 1977 437 2042 illi
458 1977 576 2042 fuerint
598 1976 787 2042 adversarii.
825 1976 931 2058 Atque
952 1976 1155 2043 manifestum
1171 1981 1289 2042 estant

131 2081 342 2148 Pescennium
360 2079 497 2163 Nigrum
520 2085 576 2145 aut
590 2078 739 2145 (ilodinm
754 2078 909 2144 Albinum
931 2077 1183 2159 intellegendum
1206 2097 1286 2144 5555.

130 2182 197 2249 Sed
219 2203 292 2249 curn
315 2183 435 2267 apertis
458 2181 566 2247 verbis
589 2181 742 2246 traditum
765 2179 934 2246 videamus
950 2198 1023 2244 cum
1038 2178 1153 2245 Clodio
1169 2180 1287 2245 Albino

127 2284 216 2368 apud
231 2283 423 2366 Lugdunum
446 2284 491 2349 ita
510 2282 706 2349 decertatum
730 2300 811 2362 esse,
836 2287 871 2346 ut
885 2282 1045 2362 utrimque
1068 2299 1163 2363 quam
1185 2281 1287 2346 maxi·

128 2405 202 2452 mae
225 2385 340 2468 copiae
362 2384 596 2451 adducerentur
618 2384 761 2460 10555155
777 2384 841 2448 Dio
857 2383 933 2466 epit.
950 2382 1082 2448 LXXV.
1106 2386 1287 2449 denarrat:

130 2482 368 2551 πεντεκαίδεκα
395 2485 456 2568 μὲν
477 2483 637 2570 μυριάδες
653 2485 867 2567 στρατιωτῶν
883 2481 943 2548 σὺν
960 2476 1164 2570 ἀμφοτέροις
1178 2477 1288 2571 ὑπῆρ-

127 2613 204 2675 χον,
235 2589 391 2673 παρῆσαν
414 2586 524 2654 δὲκαὶ
550 2580 739 2673 ἀμφότεροι
760 2588 808 2671 τῷ
837 2585 974 2671 πολέμῳ
997 2583 1056 2650 ἅτε
1078 2586 1157 2670 περὶ
1179 2589 1288 2671 ψυχῆς
1395 2595 1397 2603 “

129 2695 270 2767 θέοντες
305 2689 401 2770 555),
440 2711 504 2759 555
542 2691 729 2758 vexillarios
763 2696 885 2756 tantum
921 2689 1085 2772 legionum
1120 2689 1288 2756 Germani·

129 2815 238 2862 carum
254 2795 303 2859 illi
318 2794 442 2879 proelio
463 2794 656 2877 interfuisse,
673 2792 732 2861 sed
746 2799 897 2876 quattuor
910 2793 984 2859 illas
1005 2792 1151 2876 legiones
1173 2793 1287 2875 plenas

130 2916 203 2964 esse
217 2898 337 2964 accitas
353 2897 530 2981 putandum
548 2896 875 2962 551-0551555155
897 2896 994 2976 igitur
1017 2894 1090 2960 illos
1112 2915 1134 2960 a
1155 2892 1286 2961 Castico

130 3006 242 3066 contra
256 2999 469 3066 Pescennium
484 2997 620 3079 Nigrum
643 2997 676 3061 iu
692 2997 804 3061 Asiam
822 2995 934 3061 ductos
951 3014 1021 3062 esse
1038 3002 1287 3062 cousentaneum

129 3107 186 3169 est.
224 3101 338 3184 Neque
354 3100 522 3185 scrupulos
537 3105 646 3165 movet
662 3097 784 3182 duplex
805 3096 998 3180 significatio
1021 3096 1239 3172 ,defectorum
1255 3106 1288 3164 51

127 3203 295 3270 rebellium
305 3208 328 3286 “,
352 3222 424 3269 cum
440 3202 651 3269 Pescennium
667 3199 804 3267 Parthos
826 3201 931 3267 socios
954 3198 1106 3266 babuisse
1129 3198 1216 3266 baud
1239 3202 1285 3283 ig-

127 3325 285 3388 noremus,
309 3304 424 3386 quibus
440 3304 567 3369 aemulo
584 3303 712 3370 devicto
728 3303 960 3385 interfectoqbe
975 3301 1149 3385 Septimius
1166 3302 1286 3368 bellum

128 3405 268 3484 intulit.²)
314 3407 418 3472 Immo
439 3405 566 3471 firmum
588 3404 649 3472 boo
678 3411 900 3488 argumentum
922 3423 993 3471 esse
1016 3405 1161 3487 suspicor
1183 3405 1285 3471 vexil-

214 3544 239 3604 1)
255 3539 371 3595 Etiamsi
394 3537 496 3608 duplex
518 3537 586 3591 illud
609 3537 666 3600 ,fl‘
685 3537 713 3590 in
730 3536 811 3593 titulo
829 3552 885 3592 non
909 3540 1041 3603 exstaret,
1066 3539 1157 3592 tamen
1176 3552 1210 3590 ex
1227 3537 1285 3592 solo

130 3624 236 3686 ,Avis
254 3624 401 3680 nominoio
412 3623 504 3693 lapide
521 3623 629 3692 sculpto
647 3622 803 3677 efficeretur
819 3627 884 3677 ante
901 3637 1001 3677 annum
1020 3621 1130 3691 9561202
1146 3620 1285 3675 castinum

127 3722 184 3761 non
201 3706 286 3762 fuisso
301 3710 419 3779 legatum
436 3709 549 3778 legionis
567 3709 589 3764 l.
602 3708 757 3764 Minerviae.
788 3708 859 3762 Nam
878 3709 900 3762 si
912 3722 943 3762 re
959 3721 1023 3763 5555
1034 3705 1176 3761 Avooos
1194 3706 1284 3773 legen-

127 3793 191 3848 dum
210 3798 294 3859 esset,
316 3795 412 3852 titulus
436 3796 584 3866 pertineret
602 3794 637 3848 ad
660 3809 760 3849 annum
778 3793 888 3863 9591205
907 3825 941 3832 -
965 3807 1017 3860 quo
1041 3806 1112 3846 anno
1131 3791 1285 3846 Antoninus

126 3880 269 3936 Caracalla
280 3880 378 3936 iterum
390 3882 535 3937 consulatu
546 3879 657 3934 functus
670 3882 712 3934 est
724 3907 765 3943 -‚
779 3879 938 3934 51555555
952 3876 1062 3947 9511203
1074 3891 1161 3946 nsque
1174 3876 1284 3947 8591205

127 3964 254 4020 05511555
271 3965 370 4034 legioni
388 3965 410 4021 1.
428 3965 495 4021 5115.
514 3964 666 4034 praefuisse
684 3963 822 4034 putandus
841 3970 921 4019 esset.

213 4053 239 4111 21
258 4051 317 4104 Ael.
331 4050 423 4118 Spart.
437 4067 461 4105 5.
475 4051 567 4106 Severi
579 4055 604 4117 9,
618 4055 647 4104 9:
668 4050 788 4114 ,Deinde
805 4052 855 4115 (55.
868 4048 1016 4104 Ρ55555515
1034 4048 1138 4105 devicto
1156 4052 1184 4104 51
1201 4048 1284 4104 15155-

177 4133 291 4188 Leipziger
304 4134 408 4178 Studien.
436 4135 489 4179 XV.
1114 4138 1129 4188 5
