3170 4742
280 300 322 356 De
338 300 488 368 legionibus
506 299 690 354 Romanorum
708 301 728 354 l.
748 299 881 356 Mineruia
898 307 925 356 61
941 301 1028 356 XXX.
1047 302 1138 371 Ulpia.
1253 304 1293 362 37

142 475 179 540 ut
214 480 300 540 recte
337 480 480 540 statuere
517 473 685 539 videamur
721 481 794 556 post
830 493 947 539 annum
984 475 1098 554 814170
1134 476 1296 558 legionem

142 575 213 640 XV.
242 575 471 658 Primigeniam
501 594 571 642 esse
600 577 785 640 translatam
821 575 854 639 in
882 576 972 642 illam
1001 578 1128 661 imperii
1162 586 1296 662 partem,

142 679 198 744 ubi
227 677 402 744 seditiones
432 677 515 744 adeo
543 697 607 743 non
637 678 833 760 compositae
863 688 970 763 erant,
999 687 1034 744 ut
1064 680 1171 763 potius
1199 700 1297 765 quam

141 780 292 846 maximis
326 780 428 864 copiis
461 776 541 863 opus
575 779 697 855 esset.¹)
753 777 844 856 Quae
876 781 1059 848 coniectura
1090 803 1167 848 mox
1200 784 1298 848 etiam

143 882 218 948 aliis
242 881 347 948 causis
369 882 565 964 probabitur.

227 983 377 1066 Namque
400 1003 441 1048 ex
456 982 560 1049 Cassii
576 983 725 1060 Dionise)
747 985 828 1065 loco,
852 1003 947 1065 quern
969 1004 1072 1068 paene
1088 987 1299 1068 neglexerunt

144 1086 207 1151 viri
223 1086 320 1167 docti,
343 1085 490 1151 conicere
504 1085 582 1151 licet
597 1084 684 1150 bello
700 1085 831 1150 Traiani
847 1084 1009 1169 Parthico,
1033 1107 1105 1152 curn
1120 1088 1297 1170 imperator

144 1188 216 1272 lpse
244 1188 363 1252 ultimis
393 1188 485 1270 regni
514 1186 657 1252 Parthici
687 1187 835 1269 gentibus
864 1186 985 1252 bellum
1014 1189 1161 1270 inferret,
1191 1196 1226 1254 61
1254 1189 1299 1256 61

142 1289 305 1356 Mesenem
327 1308 429 1373 usque
451 1290 714 1372 progrederetur,
742 1289 784 1355 ab
806 1289 968 1354 Armeniis
991 1298 1064 1372 post
1086 1298 1210 1373 tergum
1231 1292 1297 1357 616-

141 1391 221 1458 16616
244 1391 402 1458 661111666
426 1391 531 1457 subito
554 1391 641 1457 iacta
661 1391 823 1473 legionem
846 1391 905 1456 sub
927 1391 1070 1457 Maximo
1092 1395 1199 1475 legato
1224 1413 1298 1459 con-

66 1577 71 1585 ,
141 1495 286 1561 stitutam
314 1501 413 1560 totam
445 1513 515 1560 esse
544 1494 723 1570 deletamil
772 1491 864 1571 Quae
894 1494 1077 1560 coniectura
1104 1493 1147 1559 ad
1176 1503 1298 1561 certum

141 1594 329 1680 producitur
357 1597 415 1677 iis,
447 1615 529 1678 quae
551 1595 671 1661 Fronto
700 1597 733 1660 in
762 1595 951 1680 „principiis
973 1595 1148 1662 historiae“
1175 1597 1218 1679 (p.
1235 1599 1298 1661 204

142 1698 193 1764 ed.
223 1697 345 1770 Nabar)
380 1696 472 1763 dicit:
518 1695 608 1772 „Soli
643 1696 791 1762 homines
819 1696 929 1761 Parthi
958 1697 1114 1764 adversus
1142 1701 1298 1783 populum

141 1801 321 1866 Romanum
345 1798 462 1866 hostile
480 1819 596 1865 nomen
620 1798 707 1864 haud
729 1817 879 1882 umquam
903 1800 1169 1866 contemnendum
1191 1821 1297 1884 gesse·

140 1911 231 1968 runt:
261 1901 296 1966 id
318 1901 397 1968 66116
420 1901 641 1966 demonstrant
661 1919 725 1965 non
747 1898 856 1965 (166661
879 1900 974 1965 modo
997 1902 1088 1984 fuga,
1119 1902 1177 1967 sed
1200 1903 1298 1969 etiam

141 2004 308 2072 fortissimi
323 2005 527 2086 imperatoris
539 2003 671 2068 ’1161661
687 2002 785 2068 16616
800 2005 926 2085 legatus
938 2023 1011 2068 curn
1025 2005 1170 2070 exercitu
1184 2025 1298 2072 caesus

142 2116 175 2174 et
202 2107 358 2190 principis
387 2105 431 2172 ad
458 2105 653 2189 triumphum
683 2104 871 2171 decedentis
899 2103 1150 2190 haudquaquam
1184 2127 1298 2174 secura

142 2229 202 2275 nec
230 2211 397 2274 incruenta
424 2207 615 2288 regressio.“
659 2206 745 2272 Nam
773 2207 801 2271 si
829 2208 956 2288 legatus
985 2227 1056 2273 cunr
1080 2210 1223 2275 exercitu
1246 2230 1298 2276 oc·

144 2312 230 2375 61666
253 2317 317 2390 661,
340 2309 445 2375 616661
467 2308 628 2390 legionem
650 2307 699 2371 illi
722 2307 878 2373 exercitui
900 2308 1098 2394 interfuisse3
1121 2329 1205 2392 quae
1227 2331 1296 2378 scn-

145 2411 246 2476 tentia
274 2429 312 2476 eo
344 2409 502 2492 firmatur,
537 2407 624 2492 quod
650 2408 723 2475 aliis
750 2409 831 2474 16616
842 2411 865 2485 ⁴)
894 2409 981 2475 idem
1010 2411 1129 2477 Fronto
1162 2413 1296 2480 Maximi

143 2549 255 2612 perator
273 2543 401 2597 collectas
412 2541 521 2595 aliunde
535 2541 654 2596 colonias
666 2540 732 2594 illuc
750 2540 913 2606 deduxisset,
931 2556 1017 2595 66666
1034 2544 1142 2611 penitus
1160 2551 1234 2597 terra
1251 2544 1297 2598 ab

142 2643 206 2683 raso
225 2627 378 2682 habitatore
395 2627 549 2682 mansisset.
583 2629 735 2694 Aegyptum
753 2639 815 2680 vero
833 2631 918 2680 totam
937 2631 964 2680 et
976 2625 1106 2696 cyrenem
1118 2634 1145 2680 61
1158 2627 1298 2683 Τ1616116

145 2713 263 2768 cruentis
280 2712 458 2768 seditionibus
476 2713 669 2767 turbaverunt“
689 2726 744 2779 666.

231 2803 256 2864 1)
273 2797 318 2851 Ad
336 2796 464 2851 Iudaeam
483 2795 553 2850 enim
573 2794 779 2850 custodiendam
797 2797 856 2849 tota
873 2794 943 2862 legio
962 2795 996 2848 X.
1015 2795 1154 2851 Fretensir
1169 2814 1202 2852 ex
1220 2798 1297 2870 Syria

143 2885 225 2937 missa
244 2890 299 2949 est3
318 2888 345 2936 et
363 2881 551 2950 Cappadociae
570 2887 598 2935 61
615 2880 753 2945 Galatiae,
777 2895 847 2948 qnae
864 2881 1019 2948 provinciae
1040 2887 1121 2936 66166
1146 2883 1297 2951 legionibus

146 2972 303 3030 caruerant,
327 2966 446 3032 legiones
464 2965 526 3019 ΧΠ.
544 2965 726 3019 Fulminatrix
743 2970 772 3018 et
788 2964 861 3018 XVI.
880 2965 975 3017 Flavia
992 2965 1134 3032 impositae
1154 2973 1225 3021 6661.
1262 2969 1297 3023 61.

145 3051 242 3104 Kubn:
258 3049 324 3112 „Die
336 3049 484 3104 6111116616
495 3049 551 3102 661
563 3047 732 3115 bdrgerliche
742 3047 908 3114 Verfassung
918 3047 1053 3103 16611166.
1063 3049 1178 3104 Reicbs“
1191 3051 1227 3106 11.
1239 3057 1296 3119 146,

146 3140 204 3190 184.
219 3134 294 3189 (1666.
307 3134 359 3189 Dio
372 3133 430 3189 LV.
444 3138 489 3188 23:
508 3136 557 3189 καὶ
574 3127 609 3189 τὸ
628 3131 791 3188 δωδέκατον
803 3127 837 3188 τὸ
849 3129 882 3188 ἐν
894 3135 1087 3208 Καππαδοκίᾳ
1105 3128 1139 3189 τὸ
1159 3155 1296 3205 κεραυνο-

144 3217 249 3294 φόρον.
284 3219 417 3288 Iosephus
435 3219 467 3272 B.
486 3218 544 3272 Iud.
558 3218 619 3274 VII.
635 3223 657 3286 1,
671 3221 694 3271 3.
714 3249 747 3256 —

229 3311 254 3371 2)
274 3305 349 3360 Casa.
362 3305 414 3359 Dio
426 3303 554 3358 LXVIII.
567 3308 608 3370 19,
622 3308 650 3356 4:
668 3295 712 3358 Ἐν
723 3299 780 3374 γὰρ
793 3307 834 3374 τῷ
846 3303 943 3375 χρόνῳ
957 3301 988 3359 ἐν
1000 3293 1023 3378 ᾦ
1036 3301 1082 3360 ἐπὶ
1096 3301 1149 3360 τὸν
1167 3299 1297 3362 ὠκεανὸν

142 3392 277 3449 κατέπλει
295 3395 345 3458 (sc.
364 3389 509 3456 TraIanus)
526 3392 575 3445 καὶ
592 3387 705 3445 ἐκεῖθεν
723 3379 805 3453 αὖθις
829 3381 1027 3458 οἷνεκομίζετο,
1045 3387 1140 3446 πάντα
1161 3386 1196 3448 ud
1210 3388 1296 3448 ἑαλω-

141 3475 216 3536 κότα
234 3473 383 3549 ἐταράχθη
399 3478 448 3532 καὶ
467 3469 585 3546 ἀπέστη,
602 3478 650 3530 καὶ
668 3469 736 3540 τοὺς
753 3469 833 3546 παρὰ
852 3475 950 3545 σφίσιν
967 3470 1084 3532 {hadwi
1105 3473 1250 3548 φρουροὺς
1269 3477 1297 3534 oi

142 3565 196 3634 μὲν
213 3562 368 3635 ἐξέβαλλον
386 3561 414 3619 οὶ
432 3555 460 3617 d'
479 3555 697 3618 ἀπεκτίννυσαν,
733 3555 1052 3630 (301μα1161ν116αὖ6α
1071 3555 1087 3617 ὃ
1105 3558 1248 3632 Τραιανὸς
1264 3561 1296 3619 ἐν

144 3652 291 3721 Βαβυλῶνι
312 3687 444 3703 .......
463 3642 517 3704 τόν
535 3666 567 3703 τε
584 3643 714 3703 Λούσιον
730 3650 779 3703 καὶ
796 3642 850 3703 τὸν
869 3642 1002 3716 Μάξιμον
1025 3645 1072 3703 ἐπὶ
1090 3643 1157 3711 τοὺς
1175 3641 1295 3719 ἀφεστη-

142 3731 233 3798 κότας
250 3729 369 3804 ἔπεμψε.
403 3736 452 3789 καὶ
471 3721 626 3802 advocabo
644 3725 791 3790 ἀπέθανεν
808 3727 939 3804 ἡττηθεὶς
955 3729 1032 3804 μάχῃ
1050 3735 1110 3786 κτλ.

230 3822 255 3884 31
274 3819 309 3872 61.
322 3817 475 3873 86111661.
488 3819 506 3873 l.
520 3835 547 3887 p.
561 3822 626 3874 560:
647 3833 692 3882 „er
709 3822 757 3884 (sc.
769 3817 915 3884 Maximus)
933 3819 1024 3873 66616
1036 3832 1088 3871 666
1100 3817 1151 3871 166
1164 3816 1295 3872 1616116-

143 3905 256 3960 dischen
274 3903 440 3971 vollstbndig
456 3904 631 3972 geschlagen,
653 3903 863 3958 61611616116166
880 3902 983 3972 Legion
1001 3902 1080 3956 dabei
1096 3902 1294 3970 aagendam.

230 3995 256 4057 4)
273 3989 393 4058 PrIncip.
405 3989 469 4044 hist.
482 3991 518 4058 (p.
529 3993 579 4043 209
591 3990 632 4044 ed.
643 3988 758 4055 Naber):
772 3988 859 4052 „bello
871 3988 998 4042 Parthico
1011 3991 1126 4056 utroque
1139 3989 1295 4045 consulares

144 4075 194 4131 vlri
211 4076 265 4131 duo
283 4075 431 4130 exercitum
443 4073 550 4142 utrique
567 4075 697 4130 ducentes
712 4073 881 4130 obtruncati:
901 4073 1060 4128 Severianus
1073 4063 1190 4141 quidem,
1208 4075 1293 4130 Lucio
