3170 4742
310 296 351 352 De
368 296 518 366 legionibus
536 295 718 351 Romanorum
736 295 757 350 l.
777 293 910 351 Mineruia
927 301 955 351 et
971 295 1057 351 XXX.
1077 296 1166 367 Ulpia.
1278 297 1315 354 11

165 474 221 538 illa
242 473 376 545 aetateb
398 471 553 554 legiones,
577 470 605 536 si
627 468 725 534 fidem
748 469 857 552 aliquo
882 469 977 536 modo
1000 471 1236 553 praestiterant,
1260 472 1319 538 sed

164 575 264 654 ,Piae
286 573 438 640 Fideles“
461 591 599 655 semper,
622 573 668 637 ita
690 570 837 655 quidem,
860 578 895 637 ut
920 570 943 633 Ρ
966 573 1165 655 cognomine,
1189 574 1217 639 si
1239 574 1317 656 legi·

164 685 215 744 tur
238 677 349 759 solum,
373 675 509 750 ,Felix“
532 674 639 757 potius
668 674 721 740 vel
744 673 894 749 ,Firma“
917 674 1122 757 significetur.
1167 675 1268 758 Igitur
1291 677 1318 742 si

163 785 250 846 recte
273 797 308 845 se
332 774 507 842 haberet?
531 795 719 859 cognomen,
743 777 829 858 legio
851 776 876 840 l.
899 777 1058 843 Mineruia
1079 775 1227 852 ,Firma“
1253 779 1319 854 (vel

164 883 313 962 ,Felix“)
336 877 554 962 intellegenda
577 884 669 945 esset.
714 878 814 944 Multo
843 886 950 944 autem
978 880 1108 961 gravius
1138 888 1200 964 est,
1232 882 1319 964 quod

165 982 191 1044 Ι.
217 984 243 1046 Ε
267 976 292 1045 G
318 979 325 1041 Ι
353 979 376 1042 F
401 978 431 1040 Μ
462 981 687 1063 interpretatus
717 986 779 1047 est:
813 980 895 1062 „lep
924 979 951 1042 I.
982 979 1101 1043 Fidelis
1129 980 1321 1048 Mz'neroio.“

163 1084 346 1152 Inauditum
379 1083 464 1150 enim
494 1090 526 1149 et
555 1084 651 1167 plane
684 1082 858 1148 absurdum
892 1089 939 1150 est
972 1085 1109 1166 legionis
1142 1106 1319 1168 cognomen

165 1190 307 1255 nativum
331 1193 364 1252 et
384 1186 549 1270 proprium
578 1207 599 1251 a
622 1184 684 1251 dea
705 1185 841 1269 petitum
864 1187 1014 1269 postponi
1037 1187 1146 1273 alteri,
1177 1209 1239 1272 quo
1263 1209 1320 1273 per

165 1299 290 1374 tempus
313 1294 434 1354 tantum
457 1289 543 1371 legio
570 1294 683 1354 ornata
705 1297 761 1354 est.
805 1287 908 1354 Immo
931 1289 1038 1354 littera
1056 1287 1079 1350 Ρ
1095 1290 1230 1357 duarum
1249 1293 1318 1359 illa·

163 1413 234 1458 rum
256 1393 435 1475 tegularum
458 1391 528 1457 sine
557 1390 655 1457 dubio
678 1391 720 1457 ad
751 1388 945 1467 ,Flauiam
975 1391 1104 1458 domum
1127 1395 1256 1477 attinet,
1286 1402 1321 1461 ut

166 1516 204 1563 eo
233 1495 337 1577 magis
365 1495 461 1559 mirer
484 1492 780 1577 Frendenbergium
810 1494 842 1558 in
872 1493 933 1560 hac
961 1514 996 1561 re
1018 1501 1082 1560 tam
1113 1494 1321 1563 vehementer
1433 1563 1434 1566 ,

165 1598 341 1678 erravisse,
372 1595 459 1679 quod
482 1597 608 1679 etipse
631 1597 663 1660 in
687 1595 878 1679 explicando
901 1597 966 1662 alio
989 1597 1081 1664 titulo
1105 1597 1140 1662 B.
1164 1598 1193 1664 J.
1213 1602 1263 1682 57,
1281 1603 1321 1663 70

166 1705 207 1778 (n.
225 1700 277 1776 50)
301 1706 408 1783 (quem
430 1716 461 1778 p.
480 1699 519 1758 12
543 1688 722 1762 accuratius
741 1698 959 1771 tractabimus)
984 1696 1044 1765 hac
1059 1701 1321 1782 interpretatione

167 1823 242 1869 usus
265 1807 323 1884 est,
347 1801 473 1867 collatis
496 1800 628 1882 legione
651 1799 724 1864 IIlI.
749 1798 784 1863 F.
801 1798 836 1863 F.
853 1827 896 1848 =
911 1799 1049 1875 ,Flavia
1064 1801 1193 1868 Felice“
1216 1810 1249 1868 et
1271 1823 1321 1870 co·

167 1904 258 1972 horte
281 1904 305 1969 l.
322 1903 358 1969 F.
376 1905 414 1968 D.
432 1933 472 1954 =
489 1903 629 1979 ,Flavia
644 1901 918 1968 Damascenorum
928 1899 981 1983 Ψ)
1024 1903 1138 1986 ltaque
1160 1905 1226 1970 iam
1248 1925 1321 1971 con-

167 2007 264 2074 cedes
287 2007 404 2089 tegulis
426 2006 491 2072 illis
515 2005 739 2072 Bonnensibus
768 2025 831 2071 non
860 2024 955 2087 posse
985 2005 1197 2072 demonstrari
1226 2007 1322 2074 usita-

168 2118 236 2176 tum
251 2109 349 2176 fuisse
365 2109 487 2192 legioni
503 2108 527 2173 Ι.
552 2108 729 2174 Minerviae
746 2126 922 2190 cognomen
934 2107 1088 2187 Hirmas)
1104 2109 1157 2176 vel
1169 2109 1321 2193 Melicis),

168 2213 245 2295 quia
267 2232 306 2278 ne
329 2232 392 2277 uno
416 2210 547 2293 quidem
569 2210 673 2276 bonae
700 2211 814 2276 aetatis
839 2211 989 2293 exemplo
1012 2211 1142 2294 probari
1164 2219 1278 2295 potest.

255 2315 340 2395 Ergo
364 2314 392 2376 si
415 2311 701 2377 deliberaverimus
724 2312 850 2377 titulum
874 2310 971 2378 hodie
994 2314 1122 2381 omnino
1145 2315 1212 2381 fere
1235 2315 1322 2382 dele-

24 2469 27 2478 .
117 2445 119 2448 ·
171 2422 237 2481 tum
260 2432 300 2479 ne
317 2413 546 2495 Kannegieteri
568 2412 698 2495 quidem
721 2419 827 2480 aetate
850 2417 1038 2498 corruptelis
1061 2417 1160 2484 fuisse
1175 2418 1322 2501 liberum,

172 2536 251 2600 quas
273 2515 316 2581 ad
340 2515 529 2597 cognomina
551 2515 752 2598 potissimum
777 2516 968 2598 pertinuisse
991 2537 1032 2582 ex
1053 2518 1104 2600 iis,
1128 2538 1210 2600 quae
1226 2518 1322 2585 modo

169 2619 211 2685 de
234 2619 362 2702 legione
384 2617 425 2682 X.
456 2617 592 2685 Gemina
615 2618 683 2694 ,P“
715 2624 747 2684 ct
769 2618 822 2684 Vl.
851 2618 932 2685 Vict.
962 2618 1119 2702 diximus,
1148 2621 1226 2688 satis
1251 2640 1322 2704 per·

169 2723 280 2805 spicue
303 2727 447 2805 apparet,
469 2742 533 2787 non
550 2729 670 2788 temere
693 2721 887 2788 coniciamus
910 2742 968 2806 pro
985 2719 1011 2780 Ι.
1029 2719 1035 2782 Ι
1056 2719 1085 2781 Μ
1106 2721 1129 2783 F
1151 2723 1323 2806 legendum

170 2843 240 2890 esse
261 2820 307 2883 Ι.Ι
324 2821 354 2882 Μ
370 2821 404 2888 l‘.

255 2925 409 3008 Ligatura
432 2926 516 2991 enim
539 2932 658 2992 statuta
679 2927 859 3008 intelleges,
881 2925 1041 3008 quomodo
1065 2934 1113 2993 ter
1128 2928 1215 2994 idem
1238 2949 1324 2996 men·

172 3028 248 3093 dum
279 3027 311 3091 in
340 3029 532 3108 cognomina
561 3029 702 3109 irrepere
731 3027 882 3110 potuerit:
912 3029 1004 3093 unius
1033 3028 1159 3095 litterae
1188 3033 1325 3113 spatium

172 3150 192 3196 a
225 3129 469 3212 cognominibus
502 3129 639 3195 obtineri
676 3149 748 3195 cum
781 3135 867 3196 recte
900 3129 1164 3197 animadverterit
1197 3133 1323 3200 Karme-

172 3234 328 3316 gieterus,
357 3232 495 3314 primum
520 3229 554 3314 Ρ,
584 3230 702 3297 deinde
726 3229 757 3314 Ρ,
788 3238 948 3315 postremo
971 3229 1002 3291 Τ
1032 3253 1073 3299 ex
1101 3234 1240 3318 ligatura
1269 3236 1326 3302 illa

76 3395 80 3404 .
173 3335 292 3418 elicuit,
317 3334 404 3417 quod
426 3333 557 3417 quidem
580 3354 656 3416 nos,
685 3335 740 3417 qui
763 3335 891 3399 titulum
913 3336 1114 3418 gravissimis
1136 3339 1325 3422 corruptelis

171 3439 370 3520 inquinatum
386 3437 485 3504 fuisse
501 3437 650 3518 sciamus,
666 3457 729 3502 non
746 3437 906 3501 miramur.
936 3437 1072 3504 Accedit
1086 3440 1172 3522 quod
1185 3442 1217 3506 in
1233 3441 1324 3508 titulo

172 3541 298 3605 Bramb.
317 3542 378 3604 662
402 3539 517 3606 cadem
539 3539 678 3622 ligatura
693 3539 749 3614 „P.
766 3538 823 3603 F.“
846 3540 1037 3622 cognomina
1059 3541 1271 3608 includuntur.

260 3727 282 3788 t)
301 3723 408 3778 Titulus
427 3724 497 3779 enim
514 3725 545 3781 B.
559 3723 584 3778 J.
605 3727 645 3788 59,
659 3728 691 3777 40
709 3726 746 3788 (n.
761 3726 813 3790 56),
831 3723 859 3778 in
877 3739 930 3792 qno
948 3724 1016 3792 legio
1037 3728 1147 3777 LPMF
1164 3726 1325 3794 appellatur,

174 3806 258 3861 multo
277 3809 435 3876 posterioris
453 3810 550 3865 aetatis
569 3824 598 3864 se
616 3824 676 3865 esse
693 3811 811 3864 testatur
827 3808 887 3878 ipso
900 3808 1006 3864 nomine
1020 3808 1162 3879 „Filippi“.
1198 3813 1325 3867 Attamen

175 3894 255 3950 credo
274 3893 415 3948 lectionem
433 3911 520 3966 neque
537 3896 667 3964 integram
686 3910 746 3950 esse
763 3909 852 3964 neque
868 3895 1019 3964 genuinam.

258 3983 282 4048 2)
302 3978 337 4035 cf.
351 3979 377 4036 J.
391 3980 509 4036 Becker:
524 3981 684 4044 ,Rbmische
696 3981 861 4036 Inschriften
874 3981 921 4036 des
934 3982 1073 4037 Museums
1086 3983 1113 4039 d.
1126 3982 1206 4038 Stadt
1219 3983 1325 4038 Μαίον’

172 4065 221 4120 Nn.
235 4069 285 4119 220
303 4067 331 4119 et
348 4064 459 4119 ibidem.
479 4066 748 4135 „Verbcsserungen“
767 4083 794 4134 p.
810 4070 866 4122 119.
886 4097 919 4106 -
