3188 4740
287 253 329 310 34
773 251 837 304 Otto
855 249 984 317 schilling

292 426 475 508 reliquerat,
499 423 615 507 viginti
631 442 689 490 sex
708 427 829 489 tautum
853 431 1052 507 supererant.
1096 422 1162 490 Sed
1185 422 1447 507 quandoquidem

293 535 380 595 certe
402 526 554 593 traditum
578 531 627 592 est
648 524 809 606 legionem
831 524 889 590 IX.
912 524 1092 609 Hispanam
1119 526 1178 592 sub
1201 525 1367 592 Hadriano
1389 526 1447 593 de·

291 632 389 696 letam
412 647 483 695 esse
506 646 610 710 neque
632 626 766 692 dubium
782 645 852 693 esse
868 633 984 710 potest,
1007 628 1083 710 quin
1099 628 1158 694 snb
1173 627 1283 694 Nerva
1304 627 1447 694 nondum

289 732 376 815 legio
398 731 505 797 XXII.
530 728 739 795 Deiotariana
754 731 776 805 ¹)
797 729 968 808 interierit,
997 731 1156 813 sequitur,
1185 736 1220 795 nt
1242 749 1283 796 ex
1304 730 1445 797 undetri-

290 836 380 917 ginta
401 833 530 899 Nervao
561 831 744 913 legionibus
774 833 918 915 cognitas
944 852 1009 898 non
1032 831 1211 898 habeamus
1239 833 1302 899 nisi
1324 832 1445 900 duode-

291 936 430 1017 triginta
476 933 589 1000 Restat
611 934 718 1017 igitur,
745 940 780 999 ut
802 935 1027 1016 anquiramus,
1051 953 1134 1016 quae
1158 935 1243 1018 legio
1266 935 1446 1002 undetrice-

289 1037 371 1103 sima
392 1036 498 1101 fuerit.

374 1137 525 1222 Agedum
547 1138 778 1220 investigemus
801 1137 891 1203 illam
913 1137 1197 1205 undetricesimam
1219 1139 1380 1221 legionem
1404 1158 1447 1204 ex

289 1259 571 1324 numerosarum,
601 1240 737 1323 quasin
762 1239 953 1323 Vespasiani
983 1240 1068 1306 bello
1091 1241 1181 1305 civili
1207 1246 1351 1307 versatas
1374 1259 1447 1308 esse

291 1345 386 1410 certis
414 1343 606 1410 testimoniis
635 1341 786 1408 traditum
810 1347 875 1424 est,
905 1343 1049 1425 exceptis
1078 1342 1165 1424 istis,
1195 1362 1275 1425 quas
1307 1342 1447 1410 antehac

290 1446 502 1512 laudavimus.
539 1445 682 1511 Necesse
698 1445 783 1510 enim
800 1449 848 1510 est
863 1463 934 1510 eam
951 1444 1132 1510 interfuisse
1152 1445 1446 1528 perturbationibus

288 1549 353 1614 illis
375 1547 518 1612 internis.

274 1708 278 1717 .
375 1649 551 1731 Legionem
573 1649 611 1715 V.
627 1647 787 1714 Alaudam
810 1648 868 1716 sub
888 1648 1074 1714 Domitiano
1096 1648 1161 1714 iam
1183 1648 1338 1733 interisse,
1362 1669 1446 1732 quae

290 1753 360 1818 sola
379 1771 419 1818 ex
435 1747 617 1834 legionibus
639 1758 706 1817 tum
721 1750 763 1816 ad
779 1751 963 1816 Danuvium
985 1750 1101 1815 flumen
1116 1751 1150 1815 in
1165 1751 1291 1818 stativis
1314 1752 1444 1818 tenden-

290 1853 375 1918 tibus
398 1853 430 1916 in
459 1853 615 1918 columnis
644 1851 859 1935 desideratur,
889 1857 921 1918 ct
943 1851 1033 1916 XXI.
1057 1853 1220 1935 Rapacem
1250 1854 1309 1920 sub
1332 1854 1445 1920 eodem

289 1955 483 2036 imperatore
498 1973 518 2018 a
534 1952 688 2018 Sarmatis
711 1972 804 2027 „cum
826 1953 934 2036 legato
953 1954 1049 2020 simul
1072 1960 1220 2021 caesam“
1243 1975 1324 2040 esse,
1347 1978 1446 2041 supra

290 2059 333 2141 (p.
351 2059 403 2130 24)
427 2056 522 2122 certis
545 2056 742 2138 argumentis
765 2056 1056 2139 comprobavimus.
1101 2057 1214 2140 Itaque
1236 2065 1384 2141 quattuor
1406 2062 1443 2125 il·

289 2161 394 2226 larum
416 2158 583 2241 legionum
597 2163 718 2224 tanturn
741 2158 897 2225 rationem
923 2157 1109 2242 babeamus,
1134 2179 1214 2243 quas
1229 2179 1309 2226 anno
1326 2162 1442 2238 824l70

289 2263 322 2326 in
345 2259 519 2326 Germania
541 2258 708 2326 tendentes
731 2260 966 2344 Vespasianum
995 2267 1222 2329 exauctorasse
1245 2281 1351 2328 omnes
1372 2263 1441 2328 fere

289 2363 352 2429 viri
375 2362 462 2428 docti
485 2363 701 2429 consentiunt:
732 2363 895 2445 legionum
917 2365 943 2428 I.
967 2363 1194 2446 Germanicae,
1216 2364 1271 2430 IV.
1294 2365 1444 2432 Macedo·

288 2467 399 2550 nicae,
425 2465 497 2531 XV.
527 2465 759 2549 Primigeniae,
793 2465 879 2531 XVI.
910 2464 1065 2532 Gallicae.
1093 2501 1136 2511 —
1164 2466 1320 2549 Reliquas
1348 2469 1444 2550 enim,

290 2588 425 2651 quarum
447 2568 576 2651 aquilae
592 2575 658 2633 tum
673 2569 708 2632 in
721 2567 850 2633 Italiam
866 2573 1039 2651 provectae
1055 2574 1155 2649 erant,
1180 2569 1325 2651 legiones
1340 2570 1365 2635 Ι.
1381 2571 1445 2636 Ita-

289 2672 395 2751 licam,
418 2669 456 2734 V.
479 2668 729 2750 Macedonicam,
757 2669 847 2732 XXI.
871 2670 1051 2750 Rapacem,
1074 2669 1180 2735 XXII.
1203 2671 1444 2756 Primigeniam,

290 2791 362 2838 eum
378 2768 545 2853 scelerum,
570 2769 685 2850 quibus
701 2769 778 2834 illac
794 2774 885 2834 erant
900 2770 1162 2853 commaculatae,
1185 2792 1250 2838 non
1269 2774 1445 2857 participes

187 2950 189 2954 ¹
288 2874 393 2939 factae
405 2876 521 2954 essent,
531 2870 764 2954 Vespasianum
776 2872 1039 2954 recepissecertis
1051 2872 1242 2940 testimoniis
1253 2877 1445 2958 probatur.2)

290 2974 382 3054 Quae
402 2979 510 3041 tamen
532 2980 753 3041 remanserant
774 2975 928 3057 legiones,
953 2994 1024 3041 cum
1042 2994 1107 3040 non
1130 2977 1231 3042 semel
1252 2979 1445 3044 sacramenti

288 3079 386 3145 fidem
409 3078 629 3158 violavissent,
651 3076 684 3140 in
700 3076 877 3142 Galliarum
900 3077 1070 3159 imperium
1092 3078 1294 3162 iuravisscnt,
1318 3081 1446 3162 legatos

289 3183 474 3259 necassent,
502 3178 568 3242 alia
590 3177 730 3243 nefanda
752 3179 912 3262 permulta
935 3180 1193 3261 'commisissent,
1223 3200 1346 3247 summo
1369 3201 1444 3265 sup·
1486 3181 1489 3190 '

289 3282 387 3366 plicio
410 3279 529 3361 dignae
552 3284 650 3345 crant.
696 3279 802 3364 Atque
824 3279 945 3363 apertis
964 3279 1071 3347 verbis
1094 3281 1267 3346 memoriae
1290 3278 1446 3347 traditum

289 3389 338 3450 est
359 3382 504 3466 legiones
526 3381 583 3447 III.
599 3381 679 3448 Mac.
704 3387 736 3447 et
757 3381 844 3446 XVI.
864 3381 948 3447 Gall.
971 3403 1101 3467 prorsus
1124 3382 1295 3447 dissolutas
1318 3399 1444 3447 earum-

288 3505 350 3571 que
372 3487 406 3551 in
428 3484 534 3550 locum
555 3484 609 3549 IV.
633 3489 666 3549 et
686 3481 772 3548 XVI.
789 3483 919 3550 Flavias
942 3485 1138 3566 conscriptas
1159 3501 1239 3549 esse.
1283 3482 1444 3565 Legiones

289 3589 314 3655 I.
331 3586 555 3655 Germanicam
572 3590 604 3649 et
618 3585 688 3649 XV.
704 3585 932 3668 Primigeniam
957 3585 1070 3652 eadem
1088 3603 1194 3668 poena
1210 3603 1281 3651 esse
1303 3587 1443 3669 punitas,

288 3690 323 3756 id
346 3688 432 3775 quod
454 3689 522 3755 fero
545 3705 672 3768 omnes,
701 3687 822 3752 utiam
846 3688 1002 3771 diximus,
1032 3687 1093 3752 viri
1116 3685 1203 3752 docti
1229 3689 1442 3772 coniecerant,

289 3811 392 3875 nuper
406 3789 598 3856 Pfitunerum
621 3793 748 3854 secutus
772 3789 993 3872 Ritterlmgius
1017 3795 1059 3872 (p.
1077 3790 1130 3864 66)
1152 3790 1347 3872 argumentis
1370 3809 1443 3873 pro·

378 3927 401 3990 l)
420 3921 454 3976 cf.
469 3919 626 3976 Grotefcud.
639 3920 668 3973 in
680 3919 764 3989 Pauly
776 3919 903 3975 Realenc.
917 3921 965 3976 IV.
977 3937 1006 3989 p.
1019 3924 1077 3977 899.

354 4013 400 4076 ’2)
418 4007 503 4062 Plane
521 4005 655 4062 assentior
667 4004 846 4072 Ritterlingio,
865 4005 910 4073 qui
928 4005 1038 4060 uberius
1057 4005 1089 4059 de
1106 4007 1159 4060 hac
1171 4021 1201 4061 re
1219 4007 1347 4062 disseruit
1358 4022 1385 4075 p.
1399 4011 1442 4063 66.
