<?xml version="1.0" encoding="UTF-8"?>
<!DOCTYPE html PUBLIC "-//W3C//DTD XHTML 1.0 Transitional//EN"
    "http://www.w3.org/TR/xhtml1/DTD/xhtml1-transitional.dtd">
<html xmlns="http://www.w3.org/1999/xhtml" xml:lang="en" lang="en">
 <head>
  <title>
</title>
<meta http-equiv="Content-Type" content="text/html;charset=utf-8" />
  <meta name='ocr-system' content='tesseract 3.04.00' />
  <meta name='ocr-capabilities' content='ocr_page ocr_carea ocr_par ocr_line ocrx_word'/>
</head>
<body>
  <div class='ocr_page' id='page_1' title='image "./delegionibusrom00schigoog_0057.png"; bbox 0 0 3170 4742; ppageno 0'>
   <div class='ocr_carea' id='block_1_1' title="bbox 312 263 1320 337">
    <p class='ocr_par' dir='ltr' id='par_1_1' title="bbox 312 263 1320 337">
     <span class='ocr_line' id='line_1_1' title="bbox 312 263 1320 337; baseline 0.004 -16"><span class='ocrx_word' id='word_1_1' title='bbox 312 267 355 323; x_wconf 91' lang='lat' dir='ltr'><strong>De</strong></span> <span class='ocrx_word' id='word_1_2' title='bbox 373 267 523 337; x_wconf 82' lang='lat' dir='ltr'>legionibus</span> <span class='ocrx_word' id='word_1_3' title='bbox 541 267 725 323; x_wconf 87' lang='lat' dir='ltr'><strong>Romanorum</strong></span> <span class='ocrx_word' id='word_1_4' title='bbox 742 266 765 321; x_wconf 87' lang='grc' dir='ltr'><strong>Ι.</strong></span> <span class='ocrx_word' id='word_1_5' title='bbox 784 265 920 322; x_wconf 75' lang='lat' dir='ltr'><strong>Mineruia</strong></span> <span class='ocrx_word' id='word_1_6' title='bbox 937 271 965 320; x_wconf 90' lang='lat' dir='ltr'><strong>et</strong></span> <span class='ocrx_word' id='word_1_7' title='bbox 982 263 1070 320; x_wconf 80' lang='lat' dir='ltr'><strong>XXX,</strong></span> <span class='ocrx_word' id='word_1_8' title='bbox 1089 265 1176 336; x_wconf 91' lang='lat' dir='ltr'><strong>Ulpia.</strong></span> <span class='ocrx_word' id='word_1_9' title='bbox 1281 265 1320 326; x_wconf 81' lang='lat'><strong>47</strong></span> 
     </span>
    </p>
   </div>
   <div class='ocr_carea' id='block_1_2' title="bbox 167 439 1331 2364">
    <p class='ocr_par' dir='ltr' id='par_1_2' title="bbox 167 439 1325 933">
     <span class='ocr_line' id='line_1_2' title="bbox 168 439 1325 524; baseline -0.003 -14"><span class='ocrx_word' id='word_1_10' title='bbox 168 447 279 510; x_wconf 87' lang='lat' dir='ltr'><strong>curata</strong></span> <span class='ocrx_word' id='word_1_11' title='bbox 302 441 417 523; x_wconf 79' lang='lat' dir='ltr'>desint,</span> <span class='ocrx_word' id='word_1_12' title='bbox 440 446 476 507; x_wconf 90' lang='lat' dir='ltr'><strong>nt</strong></span> <span class='ocrx_word' id='word_1_13' title='bbox 496 461 537 507; x_wconf 92' lang='lat' dir='ltr'><strong>ne</strong></span> <span class='ocrx_word' id='word_1_14' title='bbox 557 441 598 507; x_wconf 94' lang='lat' dir='ltr'><strong>de</strong></span> <span class='ocrx_word' id='word_1_15' title='bbox 613 441 711 508; x_wconf 91' lang='lat' dir='ltr'><strong>totius</strong></span> <span class='ocrx_word' id='word_1_16' title='bbox 727 439 856 524; x_wconf 90' lang='lat' dir='ltr'><strong>quidem</strong></span> <span class='ocrx_word' id='word_1_17' title='bbox 872 440 1038 507; x_wconf 80' lang='lat' dir='ltr'><strong>Inferioris</strong></span> <span class='ocrx_word' id='word_1_18' title='bbox 1055 439 1215 507; x_wconf 91' lang='lat' dir='ltr'><strong>exercitus</strong></span> <span class='ocrx_word' id='word_1_19' title='bbox 1232 440 1325 507; x_wconf 87' lang='lat' dir='ltr'><strong>factis</strong></span> 
     </span>
     <span class='ocr_line' id='line_1_3' title="bbox 167 542 1324 627; baseline -0.006 -14"><span class='ocrx_word' id='word_1_20' title='bbox 167 547 247 613; x_wconf 91' lang='lat' dir='ltr'><strong>certi</strong></span> <span class='ocrx_word' id='word_1_21' title='bbox 269 542 445 627; x_wconf 83' lang='lat' dir='ltr'>quidquam</span> <span class='ocrx_word' id='word_1_22' title='bbox 469 542 622 609; x_wconf 85' lang='lat' dir='ltr'><strong>tradatur.</strong></span> <span class='ocrx_word' id='word_1_23' title='bbox 667 543 744 609; x_wconf 86' lang='lat' dir='ltr'><strong>Veri</strong></span> <span class='ocrx_word' id='word_1_24' title='bbox 766 549 874 608; x_wconf 89' lang='lat' dir='ltr'><strong>tamen</strong></span> <span class='ocrx_word' id='word_1_25' title='bbox 898 548 947 608; x_wconf 94' lang='lat' dir='ltr'><strong>est</strong></span> <span class='ocrx_word' id='word_1_26' title='bbox 969 542 1168 608; x_wconf 90' lang='lat' dir='ltr'><strong>simillimum</strong></span> <span class='ocrx_word' id='word_1_27' title='bbox 1189 561 1253 608; x_wconf 94' lang='lat' dir='ltr'><strong>non</strong></span> <span class='ocrx_word' id='word_1_28' title='bbox 1275 561 1324 608; x_wconf 90' lang='lat' dir='ltr'><strong>ar·</strong></span> 
     </span>
     <span class='ocr_line' id='line_1_4' title="bbox 168 642 1325 728; baseline -0.005 -15"><span class='ocrx_word' id='word_1_29' title='bbox 168 651 229 714; x_wconf 91' lang='lat' dir='ltr'><strong>mis</strong></span> <span class='ocrx_word' id='word_1_30' title='bbox 252 668 291 714; x_wconf 93' lang='lat' dir='ltr'><strong>ac</strong></span> <span class='ocrx_word' id='word_1_31' title='bbox 313 644 511 728; x_wconf 89' lang='lat' dir='ltr'><strong>fortitudine,</strong></span> <span class='ocrx_word' id='word_1_32' title='bbox 536 645 594 710; x_wconf 90' lang='lat' dir='ltr'><strong>sed</strong></span> <span class='ocrx_word' id='word_1_33' title='bbox 616 664 705 711; x_wconf 91' lang='lat' dir='ltr'><strong>mera</strong></span> <span class='ocrx_word' id='word_1_34' title='bbox 726 645 882 727; x_wconf 90' lang='lat' dir='ltr'><strong>religione</strong></span> <span class='ocrx_word' id='word_1_35' title='bbox 908 651 940 711; x_wconf 90' lang='lat' dir='ltr'><strong>et</strong></span> <span class='ocrx_word' id='word_1_36' title='bbox 961 643 1025 712; x_wconf 87' lang='lat' dir='ltr'><strong>fide</strong></span> <span class='ocrx_word' id='word_1_37' title='bbox 1037 648 1061 722; x_wconf 87' lang='lat'><strong>¹)</strong></span> <span class='ocrx_word' id='word_1_38' title='bbox 1081 645 1228 727; x_wconf 83' lang='lat' dir='ltr'><strong>legiones</strong></span> <span class='ocrx_word' id='word_1_39' title='bbox 1246 642 1325 709; x_wconf 78' lang='lat' dir='ltr'><strong>(ler-</strong></span> 
     </span>
     <span class='ocr_line' id='line_1_5' title="bbox 169 746 1325 830; baseline -0.004 -15"><span class='ocrx_word' id='word_1_40' title='bbox 169 750 296 817; x_wconf 89' lang='lat' dir='ltr'><strong>maniae</strong></span> <span class='ocrx_word' id='word_1_41' title='bbox 318 747 484 814; x_wconf 80' lang='lat' dir='ltr'><strong>Inferioris</strong></span> <span class='ocrx_word' id='word_1_42' title='bbox 513 767 572 830; x_wconf 92' lang='lat' dir='ltr'><strong>pro</strong></span> <span class='ocrx_word' id='word_1_43' title='bbox 601 766 659 813; x_wconf 92' lang='lat' dir='ltr'><strong>sna</strong></span> <span class='ocrx_word' id='word_1_44' title='bbox 688 752 780 830; x_wconf 90' lang='lat' dir='ltr'><strong>parte</strong></span> <span class='ocrx_word' id='word_1_45' title='bbox 808 747 940 813; x_wconf 89' lang='lat' dir='ltr'><strong>Antonii</strong></span> <span class='ocrx_word' id='word_1_46' title='bbox 971 747 1139 814; x_wconf 91' lang='lat' dir='ltr'><strong>consilinm</strong></span> <span class='ocrx_word' id='word_1_47' title='bbox 1167 746 1325 812; x_wconf 90' lang='lat' dir='ltr'><strong>nefarium</strong></span> 
     </span>
     <span class='ocr_line' id='line_1_6' title="bbox 168 851 353 933; baseline -0.011 -17"><span class='ocrx_word' id='word_1_48' title='bbox 168 851 353 933; x_wconf 86' lang='lat' dir='ltr'><strong>refregisse.</strong></span> 
     </span>
    </p>

    <p class='ocr_par' dir='ltr' id='par_1_3' title="bbox 169 949 1328 1223">
     <span class='ocr_line' id='line_1_7' title="bbox 255 949 1328 1035; baseline -0.006 -16"><span class='ocrx_word' id='word_1_49' title='bbox 255 952 375 1019; x_wconf 78' lang='lat' dir='ltr'><strong>Contra</strong></span> <span class='ocrx_word' id='word_1_50' title='bbox 397 950 581 1035; x_wconf 88' lang='lat' dir='ltr'><strong>quindecim</strong></span> <span class='ocrx_word' id='word_1_51' title='bbox 603 951 696 1017; x_wconf 89' lang='lat' dir='ltr'><strong>annis</strong></span> <span class='ocrx_word' id='word_1_52' title='bbox 718 957 792 1034; x_wconf 91' lang='lat' dir='ltr'><strong>post</strong></span> <span class='ocrx_word' id='word_1_53' title='bbox 813 969 956 1018; x_wconf 90' lang='lat' dir='ltr'><strong>summas</strong></span> <span class='ocrx_word' id='word_1_54' title='bbox 971 951 1004 1016; x_wconf 92' lang='lat' dir='ltr'><strong>in</strong></span> <span class='ocrx_word' id='word_1_55' title='bbox 1026 951 1112 1018; x_wconf 93' lang='lat' dir='ltr'><strong>bello</strong></span> <span class='ocrx_word' id='word_1_56' title='bbox 1135 949 1249 1016; x_wconf 92' lang='lat' dir='ltr'><strong>landes</strong></span> <span class='ocrx_word' id='word_1_57' title='bbox 1264 949 1328 1015; x_wconf 92' lang='lat' dir='ltr'><strong>sibi</strong></span> 
     </span>
     <span class='ocr_line' id='line_1_8' title="bbox 170 1051 1327 1137; baseline -0.005 -16"><span class='ocrx_word' id='word_1_58' title='bbox 170 1055 361 1121; x_wconf 90' lang='lat' dir='ltr'><strong>conciliasse</strong></span> <span class='ocrx_word' id='word_1_59' title='bbox 383 1053 544 1137; x_wconf 84' lang='lat' dir='ltr'><strong>legionem</strong></span> <span class='ocrx_word' id='word_1_60' title='bbox 561 1054 747 1119; x_wconf 82' lang='lat' dir='ltr'><strong>certissimis</strong></span> <span class='ocrx_word' id='word_1_61' title='bbox 770 1058 803 1119; x_wconf 89' lang='lat' dir='ltr'><strong>et</strong></span> <span class='ocrx_word' id='word_1_62' title='bbox 817 1059 983 1118; x_wconf 85' lang='lat' dir='ltr'><strong>auctorum</strong></span> <span class='ocrx_word' id='word_1_63' title='bbox 999 1059 1031 1119; x_wconf 92' lang='lat' dir='ltr'><strong>et</strong></span> <span class='ocrx_word' id='word_1_64' title='bbox 1053 1054 1216 1119; x_wconf 89' lang='lat' dir='ltr'><strong>titulorum</strong></span> <span class='ocrx_word' id='word_1_65' title='bbox 1239 1051 1327 1118; x_wconf 92' lang='lat' dir='ltr'><strong>testi·</strong></span> 
     </span>
     <span class='ocr_line' id='line_1_9' title="bbox 169 1155 1015 1223; baseline -0.002 -1"><span class='ocrx_word' id='word_1_66' title='bbox 169 1158 286 1223; x_wconf 92' lang='lat' dir='ltr'><strong>moniis</strong></span> <span class='ocrx_word' id='word_1_67' title='bbox 309 1155 461 1221; x_wconf 87' lang='lat' dir='ltr'><strong>traditum</strong></span> <span class='ocrx_word' id='word_1_68' title='bbox 485 1162 541 1222; x_wconf 92' lang='lat' dir='ltr'><strong>est.</strong></span> <span class='ocrx_word' id='word_1_69' title='bbox 1014 1163 1015 1166; x_wconf 76' lang='grc'>’</span> 
     </span>
    </p>

    <p class='ocr_par' dir='ltr' id='par_1_4' title="bbox 169 1257 1331 2364">
     <span class='ocr_line' id='line_1_10' title="bbox 256 1257 1330 1342; baseline 0 -18"><span class='ocrx_word' id='word_1_70' title='bbox 256 1259 404 1341; x_wconf 83' lang='lat' dir='ltr'><strong>Namque</strong></span> <span class='ocrx_word' id='word_1_71' title='bbox 416 1257 606 1342; x_wconf 81' lang='lat' dir='ltr'><strong>Spartianus</strong></span> <span class='ocrx_word' id='word_1_72' title='bbox 617 1258 640 1334; x_wconf 80' lang='lat'><strong>²)</strong></span> <span class='ocrx_word' id='word_1_73' title='bbox 656 1257 818 1323; x_wconf 89' lang='lat' dir='ltr'><strong>enarravit</strong></span> <span class='ocrx_word' id='word_1_74' title='bbox 829 1257 972 1323; x_wconf 90' lang='lat' dir='ltr'><strong>secunda</strong></span> <span class='ocrx_word' id='word_1_75' title='bbox 984 1257 1194 1341; x_wconf 84' lang='lat' dir='ltr'><strong>expeditione</strong></span> <span class='ocrx_word' id='word_1_76' title='bbox 1206 1257 1330 1324; x_wconf 89' lang='lat' dir='ltr'><strong>Dacica</strong></span> 
     </span>
     <span class='ocr_line' id='line_1_11' title="bbox 170 1358 1328 1445; baseline -0.003 -18"><span class='ocrx_word' id='word_1_77' title='bbox 170 1361 370 1428; x_wconf 89' lang='lat' dir='ltr'><strong>Hadrianum</strong></span> <span class='ocrx_word' id='word_1_78' title='bbox 392 1361 514 1445; x_wconf 92' lang='lat' dir='ltr'><strong>legioni</strong></span> <span class='ocrx_word' id='word_1_79' title='bbox 535 1361 561 1426; x_wconf 92' lang='lat' dir='ltr'><strong>I.</strong></span> <span class='ocrx_word' id='word_1_80' title='bbox 583 1359 762 1426; x_wconf 85' lang='lat' dir='ltr'><strong>Minerviae</strong></span> <span class='ocrx_word' id='word_1_81' title='bbox 784 1378 856 1425; x_wconf 93' lang='lat' dir='ltr'><strong>esse</strong></span> <span class='ocrx_word' id='word_1_82' title='bbox 880 1361 1109 1442; x_wconf 89' lang='lat' dir='ltr'><strong>praepositum.</strong></span> <span class='ocrx_word' id='word_1_83' title='bbox 1156 1358 1328 1437; x_wconf 79' lang='lat' dir='ltr'><strong>,Quando-</strong></span> 
     </span>
     <span class='ocr_line' id='line_1_12' title="bbox 171 1460 1329 1546; baseline -0.001 -18"><span class='ocrx_word' id='word_1_84' title='bbox 171 1463 302 1546; x_wconf 90' lang='lat' dir='ltr'><strong>quidem</strong></span> <span class='ocrx_word' id='word_1_85' title='bbox 319 1466 420 1529; x_wconf 87' lang='lat' dir='ltr'><strong>multa</strong></span> <span class='ocrx_word' id='word_1_86' title='bbox 435 1463 568 1546; x_wconf 88' lang='lat' dir='ltr'><strong>egregia</strong></span> <span class='ocrx_word' id='word_1_87' title='bbox 590 1463 659 1529; x_wconf 92' lang='lat' dir='ltr'><strong>eius</strong></span> <span class='ocrx_word' id='word_1_88' title='bbox 681 1462 767 1528; x_wconf 90' lang='lat' dir='ltr'><strong>faeta</strong></span> <span class='ocrx_word' id='word_1_89' title='bbox 789 1461 981 1527; x_wconf 87' lang='lat' dir='ltr'><strong>claruerunt.</strong></span> <span class='ocrx_word' id='word_1_90' title='bbox 1026 1460 1134 1539; x_wconf 80' lang='lat' dir='ltr'><strong>Quare</strong></span> <span class='ocrx_word' id='word_1_91' title='bbox 1157 1462 1329 1527; x_wconf 89' lang='lat' dir='ltr'><strong>adamante</strong></span> 
     </span>
     <span class='ocr_line' id='line_1_13' title="bbox 172 1563 1328 1647; baseline 0.001 -19"><span class='ocrx_word' id='word_1_92' title='bbox 172 1585 309 1647; x_wconf 90' lang='lat' dir='ltr'><strong>gemma,</strong></span> <span class='ocrx_word' id='word_1_93' title='bbox 333 1585 429 1647; x_wconf 92' lang='lat' dir='ltr'><strong>quam</strong></span> <span class='ocrx_word' id='word_1_94' title='bbox 452 1565 610 1630; x_wconf 82' lang='lat' dir='ltr'><strong>Traianus</strong></span> <span class='ocrx_word' id='word_1_95' title='bbox 632 1585 653 1630; x_wconf 88' lang='lat' dir='ltr'><strong>a</strong></span> <span class='ocrx_word' id='word_1_96' title='bbox 674 1565 784 1630; x_wconf 85' lang='lat' dir='ltr'><strong>Nerva</strong></span> <span class='ocrx_word' id='word_1_97' title='bbox 805 1570 987 1646; x_wconf 88' lang='lat' dir='ltr'><strong>acceperat,</strong></span> <span class='ocrx_word' id='word_1_98' title='bbox 1012 1563 1149 1631; x_wconf 87' lang='lat' dir='ltr'><strong>donatus</strong></span> <span class='ocrx_word' id='word_1_99' title='bbox 1171 1565 1214 1630; x_wconf 91' lang='lat' dir='ltr'><strong>ad</strong></span> <span class='ocrx_word' id='word_1_100' title='bbox 1237 1583 1328 1646; x_wconf 92' lang='lat' dir='ltr'><strong>spem</strong></span> 
     </span>
     <span class='ocr_line' id='line_1_14' title="bbox 171 1663 1330 1749; baseline 0 -16"><span class='ocrx_word' id='word_1_101' title='bbox 171 1667 383 1733; x_wconf 91' lang='lat' dir='ltr'><strong>successionis</strong></span> <span class='ocrx_word' id='word_1_102' title='bbox 400 1672 524 1732; x_wconf 88' lang='lat' dir='ltr'><strong>erectus</strong></span> <span class='ocrx_word' id='word_1_103' title='bbox 540 1669 618 1732; x_wconf 87' lang='lat' dir='ltr'><strong>est.“</strong></span> <span class='ocrx_word' id='word_1_104' title='bbox 661 1667 791 1730; x_wconf 85' lang='lat' dir='ltr'><strong>Eximia</strong></span> <span class='ocrx_word' id='word_1_105' title='bbox 804 1663 967 1732; x_wconf 92' lang='lat' dir='ltr'><strong>mehercle</strong></span> <span class='ocrx_word' id='word_1_106' title='bbox 983 1673 1015 1732; x_wconf 90' lang='lat' dir='ltr'><strong>et</strong></span> <span class='ocrx_word' id='word_1_107' title='bbox 1030 1667 1122 1733; x_wconf 85' lang='lat' dir='ltr'><strong>ducIs</strong></span> <span class='ocrx_word' id='word_1_108' title='bbox 1138 1673 1170 1732; x_wconf 90' lang='lat' dir='ltr'><strong>et</strong></span> <span class='ocrx_word' id='word_1_109' title='bbox 1192 1667 1330 1749; x_wconf 88' lang='lat' dir='ltr'><strong>legionis</strong></span> 
     </span>
     <span class='ocr_line' id='line_1_15' title="bbox 170 1767 1329 1860; baseline -0.002 -27"><span class='ocrx_word' id='word_1_110' title='bbox 170 1767 386 1852; x_wconf 81' lang='lat' dir='ltr'><strong>praedicatio!</strong></span> <span class='ocrx_word' id='word_1_111' title='bbox 431 1768 472 1834; x_wconf 83' lang='lat' dir='ltr'><strong>Et</strong></span> <span class='ocrx_word' id='word_1_112' title='bbox 494 1768 632 1834; x_wconf 92' lang='lat' dir='ltr'><strong>eundem</strong></span> <span class='ocrx_word' id='word_1_113' title='bbox 653 1767 854 1860; x_wconf 76' lang='lat' dir='ltr'><strong>Hadrianum</strong></span> <span class='ocrx_word' id='word_1_114' title='bbox 884 1767 998 1835; x_wconf 91' lang='lat' dir='ltr'><strong>eodem</strong></span> <span class='ocrx_word' id='word_1_115' title='bbox 1022 1769 1109 1835; x_wconf 93' lang='lat' dir='ltr'><strong>bello</strong></span> <span class='ocrx_word' id='word_1_116' title='bbox 1132 1768 1226 1834; x_wconf 89' lang='lat' dir='ltr'><strong>donis</strong></span> <span class='ocrx_word' id='word_1_117' title='bbox 1248 1767 1329 1833; x_wconf 93' lang='lat' dir='ltr'><strong>mili·</strong></span> 
     </span>
     <span class='ocr_line' id='line_1_16' title="bbox 169 1869 1330 1954; baseline -0.003 -17"><span class='ocrx_word' id='word_1_118' title='bbox 169 1871 292 1937; x_wconf 86' lang='lat' dir='ltr'><strong>taribus</strong></span> <span class='ocrx_word' id='word_1_119' title='bbox 316 1889 387 1937; x_wconf 90' lang='lat' dir='ltr'><strong>esse</strong></span> <span class='ocrx_word' id='word_1_120' title='bbox 409 1869 599 1936; x_wconf 87' lang='lat' dir='ltr'><strong>honoratum</strong></span> <span class='ocrx_word' id='word_1_121' title='bbox 616 1889 634 1936; x_wconf 93' lang='lat' dir='ltr'><strong>e</strong></span> <span class='ocrx_word' id='word_1_122' title='bbox 649 1871 742 1936; x_wconf 87' lang='lat' dir='ltr'><strong>tltulo</strong></span> <span class='ocrx_word' id='word_1_123' title='bbox 760 1870 817 1936; x_wconf 93' lang='lat' dir='ltr'><strong>III.</strong></span> <span class='ocrx_word' id='word_1_124' title='bbox 842 1874 904 1936; x_wconf 86' lang='grc'>556</span> <span class='ocrx_word' id='word_1_125' title='bbox 927 1874 969 1948; x_wconf 89' lang='lat' dir='ltr'><strong>(n.</strong></span> <span class='ocrx_word' id='word_1_126' title='bbox 994 1873 1026 1948; x_wconf 99' lang='grc'><strong>2)</strong></span> <span class='ocrx_word' id='word_1_127' title='bbox 1048 1870 1210 1953; x_wconf 80' lang='lat' dir='ltr'><strong>discimus,</strong></span> <span class='ocrx_word' id='word_1_128' title='bbox 1234 1888 1330 1954; x_wconf 90' lang='lat' dir='ltr'><strong>quem</strong></span> 
     </span>
     <span class='ocr_line' id='line_1_17' title="bbox 170 1971 1331 2058; baseline 0 -22"><span class='ocrx_word' id='word_1_129' title='bbox 170 1971 384 2040; x_wconf 82' lang='lat' dir='ltr'><strong>Athenienses</strong></span> <span class='ocrx_word' id='word_1_130' title='bbox 412 1992 496 2039; x_wconf 87' lang='lat' dir='ltr'><strong>anno</strong></span> <span class='ocrx_word' id='word_1_131' title='bbox 527 1972 665 2053; x_wconf 78' lang='grc'>8661112</span> <span class='ocrx_word' id='word_1_132' title='bbox 699 1979 922 2040; x_wconf 87' lang='lat' dir='ltr'><strong>exaraverunt.</strong></span> <span class='ocrx_word' id='word_1_133' title='bbox 973 1973 1089 2058; x_wconf 86' lang='lat' dir='ltr'><strong>Neque</strong></span> <span class='ocrx_word' id='word_1_134' title='bbox 1118 1992 1197 2040; x_wconf 83' lang='lat' dir='ltr'><strong>vero</strong></span> <span class='ocrx_word' id='word_1_135' title='bbox 1225 1973 1331 2040; x_wconf 88' lang='lat' dir='ltr'><strong>solum</strong></span> 
     </span>
     <span class='ocr_line' id='line_1_18' title="bbox 169 2074 1331 2160; baseline -0.001 -19"><span class='ocrx_word' id='word_1_136' title='bbox 169 2076 312 2159; x_wconf 90' lang='lat' dir='ltr'><strong>legatum</strong></span> <span class='ocrx_word' id='word_1_137' title='bbox 338 2076 477 2158; x_wconf 93' lang='lat' dir='ltr'><strong>legionis</strong></span> <span class='ocrx_word' id='word_1_138' title='bbox 499 2075 701 2143; x_wconf 90' lang='lat' dir='ltr'><strong>Hadrianum</strong></span> <span class='ocrx_word' id='word_1_139' title='bbox 723 2077 882 2144; x_wconf 80' lang='lat' dir='ltr'><strong>Traianus</strong></span> <span class='ocrx_word' id='word_1_140' title='bbox 910 2077 1084 2160; x_wconf 91' lang='lat' dir='ltr'><strong>imperator</strong></span> <span class='ocrx_word' id='word_1_141' title='bbox 1106 2077 1251 2160; x_wconf 80' lang='lat' dir='ltr'><strong>praemio</strong></span> <span class='ocrx_word' id='word_1_142' title='bbox 1275 2074 1331 2140; x_wconf 89' lang='lat' dir='ltr'><strong>de·</strong></span> 
     </span>
     <span class='ocr_line' id='line_1_19' title="bbox 171 2177 1330 2262; baseline -0.002 -18"><span class='ocrx_word' id='word_1_143' title='bbox 171 2179 310 2261; x_wconf 80' lang='lat' dir='ltr'><strong>conavit,</strong></span> <span class='ocrx_word' id='word_1_144' title='bbox 340 2178 398 2244; x_wconf 90' lang='lat' dir='ltr'><strong>sed</strong></span> <span class='ocrx_word' id='word_1_145' title='bbox 428 2180 527 2244; x_wconf 88' lang='lat' dir='ltr'><strong>etiam</strong></span> <span class='ocrx_word' id='word_1_146' title='bbox 549 2181 768 2244; x_wconf 84' lang='lat' dir='ltr'><strong>eenturIonum</strong></span> <span class='ocrx_word' id='word_1_147' title='bbox 796 2178 932 2244; x_wconf 92' lang='lat' dir='ltr'><strong>duorum</strong></span> <span class='ocrx_word' id='word_1_148' title='bbox 955 2177 1063 2245; x_wconf 90' lang='lat' dir='ltr'><strong>adhuc</strong></span> <span class='ocrx_word' id='word_1_149' title='bbox 1085 2183 1214 2245; x_wconf 89' lang='lat' dir='ltr'><strong>exstant</strong></span> <span class='ocrx_word' id='word_1_150' title='bbox 1235 2177 1330 2262; x_wconf 88' lang='lat' dir='ltr'><strong>tituli,</strong></span> 
     </span>
     <span class='ocr_line' id='line_1_20' title="bbox 173 2279 1331 2364; baseline 0.002 -18"><span class='ocrx_word' id='word_1_151' title='bbox 173 2300 308 2362; x_wconf 90' lang='lat' dir='ltr'><strong>quorum</strong></span> <span class='ocrx_word' id='word_1_152' title='bbox 330 2281 412 2345; x_wconf 86' lang='lat' dir='ltr'><strong>elter</strong></span> <span class='ocrx_word' id='word_1_153' title='bbox 434 2280 617 2361; x_wconf 86' lang='lat' dir='ltr'><strong>torquibus,</strong></span> <span class='ocrx_word' id='word_1_154' title='bbox 645 2280 794 2362; x_wconf 92' lang='lat' dir='ltr'><strong>armillis,</strong></span> <span class='ocrx_word' id='word_1_155' title='bbox 823 2279 985 2364; x_wconf 87' lang='lat' dir='ltr'><strong>phaleris,</strong></span> <span class='ocrx_word' id='word_1_156' title='bbox 1015 2301 1134 2348; x_wconf 86' lang='lat' dir='ltr'><strong>corona</strong></span> <span class='ocrx_word' id='word_1_157' title='bbox 1156 2281 1273 2347; x_wconf 88' lang='lat' dir='ltr'><strong>vallari</strong></span> <span class='ocrx_word' id='word_1_158' title='bbox 1295 2300 1331 2348; x_wconf 93' lang='lat' dir='ltr'><strong>se</strong></span> 
     </span>
    </p>
   </div>
   <div class='ocr_carea' id='block_1_3' title="bbox 171 2381 1333 2773">
    <p class='ocr_par' dir='ltr' id='par_1_5' title="bbox 171 2381 1333 2773">
     <span class='ocr_line' id='line_1_21' title="bbox 174 2381 1332 2468; baseline 0.003 -21"><span class='ocrx_word' id='word_1_159' title='bbox 174 2387 363 2448; x_wconf 89' lang='lat' dir='ltr'><strong>exomatnm</strong></span> <span class='ocrx_word' id='word_1_160' title='bbox 391 2400 464 2448; x_wconf 89' lang='lat' dir='ltr'><strong>esse</strong></span> <span class='ocrx_word' id='word_1_161' title='bbox 491 2381 646 2464; x_wconf 87' lang='lat' dir='ltr'><strong>gloriatur</strong></span> <span class='ocrx_word' id='word_1_162' title='bbox 673 2381 728 2448; x_wconf 90' lang='lat' dir='ltr'><strong>VI.</strong></span> <span class='ocrx_word' id='word_1_163' title='bbox 758 2384 842 2449; x_wconf 86' lang='lat'>3584</span> <span class='ocrx_word' id='word_1_164' title='bbox 875 2385 917 2457; x_wconf 85' lang='lat' dir='ltr'><strong>(n.</strong></span> <span class='ocrx_word' id='word_1_165' title='bbox 943 2386 1030 2468; x_wconf 86' lang='grc'>163),</span> <span class='ocrx_word' id='word_1_166' title='bbox 1059 2383 1141 2450; x_wconf 84' lang='lat' dir='ltr'><strong>alter</strong></span> <span class='ocrx_word' id='word_1_167' title='bbox 1169 2383 1262 2450; x_wconf 92' lang='lat' dir='ltr'><strong>donis</strong></span> <span class='ocrx_word' id='word_1_168' title='bbox 1296 2403 1332 2450; x_wconf 90' lang='lat' dir='ltr'><strong>se</strong></span> 
     </span>
     <span class='ocr_line' id='line_1_22' title="bbox 173 2483 1333 2570; baseline -0.003 -18"><span class='ocrx_word' id='word_1_169' title='bbox 173 2505 245 2552; x_wconf 91' lang='lat' dir='ltr'><strong>esse</strong></span> <span class='ocrx_word' id='word_1_170' title='bbox 274 2484 424 2552; x_wconf 89' lang='lat' dir='ltr'><strong>affectum</strong></span> <span class='ocrx_word' id='word_1_171' title='bbox 454 2503 475 2550; x_wconf 90' lang='lat' dir='ltr'><strong>a</strong></span> <span class='ocrx_word' id='word_1_172' title='bbox 505 2484 645 2551; x_wconf 80' lang='lat' dir='ltr'><strong>Traiano</strong></span> <span class='ocrx_word' id='word_1_173' title='bbox 674 2485 867 2568; x_wconf 86' lang='lat' dir='ltr'><strong>imperatore</strong></span> <span class='ocrx_word' id='word_1_174' title='bbox 896 2485 983 2551; x_wconf 93' lang='lat' dir='ltr'><strong>bello</strong></span> <span class='ocrx_word' id='word_1_175' title='bbox 1012 2485 1135 2552; x_wconf 90' lang='lat' dir='ltr'><strong>Dacico</strong></span> <span class='ocrx_word' id='word_1_176' title='bbox 1164 2483 1333 2570; x_wconf 86' lang='lat' dir='ltr'><strong>praedicat</strong></span> 
     </span>
     <span class='ocr_line' id='line_1_23' title="bbox 171 2587 1332 2671; baseline 0.002 -19"><span class='ocrx_word' id='word_1_177' title='bbox 171 2588 212 2652; x_wconf 91' lang='lat'><strong>11.</strong></span> <span class='ocrx_word' id='word_1_178' title='bbox 230 2590 315 2651; x_wconf 89' lang='grc'>2424</span> <span class='ocrx_word' id='word_1_179' title='bbox 347 2588 390 2665; x_wconf 90' lang='lat' dir='ltr'><strong>(n.</strong></span> <span class='ocrx_word' id='word_1_180' title='bbox 421 2588 503 2663; x_wconf 90' lang='grc'>112).</span> <span class='ocrx_word' id='word_1_181' title='bbox 548 2587 697 2669; x_wconf 89' lang='lat' dir='ltr'><strong>Denique</strong></span> <span class='ocrx_word' id='word_1_182' title='bbox 719 2587 831 2654; x_wconf 90' lang='lat' dir='ltr'><strong>militis</strong></span> <span class='ocrx_word' id='word_1_183' title='bbox 854 2606 983 2671; x_wconf 91' lang='lat' dir='ltr'><strong>quoqne</strong></span> <span class='ocrx_word' id='word_1_184' title='bbox 1005 2587 1143 2669; x_wconf 89' lang='lat' dir='ltr'><strong>legionis</strong></span> <span class='ocrx_word' id='word_1_185' title='bbox 1166 2588 1193 2652; x_wconf 92' lang='grc' dir='ltr'><strong>Ι.</strong></span> <span class='ocrx_word' id='word_1_186' title='bbox 1215 2587 1332 2654; x_wconf 88' lang='lat' dir='ltr'><strong>Miner·</strong></span> 
     </span>
     <span class='ocr_line' id='line_1_24' title="bbox 172 2688 1333 2773; baseline 0.001 -18"><span class='ocrx_word' id='word_1_187' title='bbox 172 2691 246 2756; x_wconf 88' lang='lat' dir='ltr'><strong>viae</strong></span> <span class='ocrx_word' id='word_1_188' title='bbox 268 2688 331 2755; x_wconf 92' lang='lat' dir='ltr'><strong>huc</strong></span> <span class='ocrx_word' id='word_1_189' title='bbox 353 2690 493 2773; x_wconf 90' lang='lat' dir='ltr'><strong>pertinet</strong></span> <span class='ocrx_word' id='word_1_190' title='bbox 514 2689 641 2773; x_wconf 88' lang='lat' dir='ltr'><strong>titulus,</strong></span> <span class='ocrx_word' id='word_1_191' title='bbox 663 2689 738 2756; x_wconf 90' lang='lat' dir='ltr'><strong>Iulii</strong></span> <span class='ocrx_word' id='word_1_192' title='bbox 761 2690 929 2773; x_wconf 90' lang='lat' dir='ltr'><strong>Mansueti,</strong></span> <span class='ocrx_word' id='word_1_193' title='bbox 948 2691 1008 2772; x_wconf 86' lang='lat' dir='ltr'><strong>¹qui</strong></span> <span class='ocrx_word' id='word_1_194' title='bbox 1032 2689 1202 2757; x_wconf 80' lang='lat' dir='ltr'><strong>Coloniam</strong></span> <span class='ocrx_word' id='word_1_195' title='bbox 1223 2709 1333 2759; x_wconf 89' lang='lat' dir='ltr'><strong>rever·</strong></span> 
     </span>
    </p>
   </div>
   <div class='ocr_carea' id='block_1_4' title="bbox 172 2790 1334 3695">
    <p class='ocr_par' dir='ltr' id='par_1_6' title="bbox 172 2790 1334 3695">
     <span class='ocr_line' id='line_1_25' title="bbox 172 2790 1334 2877; baseline 0 -18"><span class='ocrx_word' id='word_1_196' title='bbox 172 2813 226 2859; x_wconf 91' lang='lat' dir='ltr'><strong>sus</strong></span> <span class='ocrx_word' id='word_1_197' title='bbox 249 2799 359 2858; x_wconf 86' lang='lat' dir='ltr'><strong>votum</strong></span> <span class='ocrx_word' id='word_1_198' title='bbox 382 2792 494 2875; x_wconf 86' lang='lat' dir='ltr'><strong>solvit,</strong></span> <span class='ocrx_word' id='word_1_199' title='bbox 518 2790 606 2875; x_wconf 92' lang='lat' dir='ltr'><strong>qnod</strong></span> <span class='ocrx_word' id='word_1_200' title='bbox 628 2791 716 2876; x_wconf 91' lang='lat' dir='ltr'><strong>apud</strong></span> <span class='ocrx_word' id='word_1_201' title='bbox 738 2793 878 2877; x_wconf 87' lang='lat' dir='ltr'><strong>Alutam,</strong></span> <span class='ocrx_word' id='word_1_202' title='bbox 903 2793 1025 2860; x_wconf 89' lang='lat' dir='ltr'><strong>Daciae</strong></span> <span class='ocrx_word' id='word_1_203' title='bbox 1048 2791 1186 2876; x_wconf 90' lang='lat' dir='ltr'><strong>flumen,</strong></span> <span class='ocrx_word' id='word_1_204' title='bbox 1212 2795 1334 2861; x_wconf 88' lang='lat' dir='ltr'><strong>fecerat</strong></span> 
     </span>
     <span class='ocr_line' id='line_1_26' title="bbox 172 2895 1332 2979; baseline 0.003 -18"><span class='ocrx_word' id='word_1_205' title='bbox 172 2895 301 2961; x_wconf 90' lang='lat' dir='ltr'><strong>Bramb.</strong></span> <span class='ocrx_word' id='word_1_206' title='bbox 318 2898 381 2958; x_wconf 85' lang='grc'>465</span> <span class='ocrx_word' id='word_1_207' title='bbox 407 2895 449 2971; x_wconf 91' lang='lat' dir='ltr'><strong>(n.</strong></span> <span class='ocrx_word' id='word_1_208' title='bbox 467 2895 529 2972; x_wconf 88' lang='grc'>31).</span> <span class='ocrx_word' id='word_1_209' title='bbox 572 2896 680 2979; x_wconf 91' lang='lat' dir='ltr'><strong>Atque</strong></span> <span class='ocrx_word' id='word_1_210' title='bbox 703 2895 810 2962; x_wconf 90' lang='lat' dir='ltr'><strong>adhue</strong></span> <span class='ocrx_word' id='word_1_211' title='bbox 832 2897 901 2960; x_wconf 91' lang='lat' dir='ltr'><strong>fere</strong></span> <span class='ocrx_word' id='word_1_212' title='bbox 931 2915 1042 2962; x_wconf 91' lang='lat' dir='ltr'><strong>omnes</strong></span> <span class='ocrx_word' id='word_1_213' title='bbox 1065 2898 1127 2961; x_wconf 88' lang='lat' dir='ltr'><strong>viri</strong></span> <span class='ocrx_word' id='word_1_214' title='bbox 1150 2897 1237 2964; x_wconf 87' lang='lat' dir='ltr'><strong>docti</strong></span> <span class='ocrx_word' id='word_1_215' title='bbox 1260 2917 1332 2964; x_wconf 91' lang='lat' dir='ltr'><strong>cen·</strong></span> 
     </span>
     <span class='ocr_line' id='line_1_27' title="bbox 173 2996 1332 3078; baseline 0.001 -14"><span class='ocrx_word' id='word_1_216' title='bbox 173 3002 305 3064; x_wconf 88' lang='lat' dir='ltr'><strong>suerunt</strong></span> <span class='ocrx_word' id='word_1_217' title='bbox 332 2996 427 3062; x_wconf 92' lang='lat' dir='ltr'><strong>alteri</strong></span> <span class='ocrx_word' id='word_1_218' title='bbox 460 3001 583 3061; x_wconf 88' lang='lat' dir='ltr'><strong>tantum</strong></span> <span class='ocrx_word' id='word_1_219' title='bbox 616 2996 702 3061; x_wconf 91' lang='lat' dir='ltr'><strong>bello</strong></span> <span class='ocrx_word' id='word_1_220' title='bbox 732 2997 852 3062; x_wconf 91' lang='lat' dir='ltr'><strong>Dacico</strong></span> <span class='ocrx_word' id='word_1_221' title='bbox 886 2997 1049 3078; x_wconf 88' lang='lat' dir='ltr'><strong>legionem</strong></span> <span class='ocrx_word' id='word_1_222' title='bbox 1082 2996 1107 3061; x_wconf 94' lang='grc' dir='ltr'><strong>Ι.</strong></span> <span class='ocrx_word' id='word_1_223' title='bbox 1139 2998 1332 3065; x_wconf 83' lang='lat' dir='ltr'><strong>Minervium</strong></span> 
     </span>
     <span class='ocr_line' id='line_1_28' title="bbox 174 3097 1331 3182; baseline -0.001 -17"><span class='ocrx_word' id='word_1_224' title='bbox 174 3100 394 3175; x_wconf 81' lang='lat' dir='ltr'><strong>interfuisse.³)</strong></span> <span class='ocrx_word' id='word_1_225' title='bbox 439 3097 506 3164; x_wconf 84' lang='lat' dir='ltr'><strong>Sed</strong></span> <span class='ocrx_word' id='word_1_226' title='bbox 529 3117 571 3164; x_wconf 90' lang='lat' dir='ltr'><strong>ex</strong></span> <span class='ocrx_word' id='word_1_227' title='bbox 594 3098 742 3163; x_wconf 88' lang='lat' dir='ltr'><strong>columna</strong></span> <span class='ocrx_word' id='word_1_228' title='bbox 763 3098 835 3175; x_wconf 89' lang='lat' dir='ltr'><strong>illa,</strong></span> <span class='ocrx_word' id='word_1_229' title='bbox 859 3116 956 3181; x_wconf 93' lang='lat' dir='ltr'><strong>quam</strong></span> <span class='ocrx_word' id='word_1_230' title='bbox 979 3097 1138 3165; x_wconf 81' lang='lat' dir='ltr'><strong>Traianus</strong></span> <span class='ocrx_word' id='word_1_231' title='bbox 1162 3100 1331 3182; x_wconf 85' lang='lat' dir='ltr'><strong>exstruxit,</strong></span> 
     </span>
     <span class='ocr_line' id='line_1_29' title="bbox 173 3199 1333 3284; baseline 0.001 -17"><span class='ocrx_word' id='word_1_232' title='bbox 173 3208 209 3268; x_wconf 91' lang='lat' dir='ltr'><strong>ut</strong></span> <span class='ocrx_word' id='word_1_233' title='bbox 230 3202 317 3268; x_wconf 89' lang='lat' dir='ltr'><strong>facta</strong></span> <span class='ocrx_word' id='word_1_234' title='bbox 338 3220 397 3267; x_wconf 92' lang='lat' dir='ltr'><strong>sna</strong></span> <span class='ocrx_word' id='word_1_235' title='bbox 419 3220 439 3266; x_wconf 90' lang='lat' dir='ltr'><strong>a</strong></span> <span class='ocrx_word' id='word_1_236' title='bbox 461 3200 598 3284; x_wconf 90' lang='lat' dir='ltr'><strong>posteris</strong></span> <span class='ocrx_word' id='word_1_237' title='bbox 620 3219 748 3283; x_wconf 91' lang='lat' dir='ltr'><strong>quoqne</strong></span> <span class='ocrx_word' id='word_1_238' title='bbox 771 3205 1058 3283; x_wconf 88' lang='lat' dir='ltr'><strong>cognoscerentur,</strong></span> <span class='ocrx_word' id='word_1_239' title='bbox 1090 3199 1156 3265; x_wconf 87' lang='lat' dir='ltr'><strong>iam</strong></span> <span class='ocrx_word' id='word_1_240' title='bbox 1179 3200 1222 3266; x_wconf 94' lang='lat' dir='ltr'><strong>ad</strong></span> <span class='ocrx_word' id='word_1_241' title='bbox 1244 3202 1333 3284; x_wconf 92' lang='lat' dir='ltr'><strong>prins</strong></span> 
     </span>
     <span class='ocr_line' id='line_1_30' title="bbox 173 3302 1332 3388; baseline 0 -18"><span class='ocrx_word' id='word_1_242' title='bbox 173 3305 295 3371; x_wconf 93' lang='lat' dir='ltr'><strong>bellum</strong></span> <span class='ocrx_word' id='word_1_243' title='bbox 317 3303 474 3369; x_wconf 90' lang='lat' dir='ltr'><strong>Dacicum</strong></span> <span class='ocrx_word' id='word_1_244' title='bbox 496 3302 657 3385; x_wconf 92' lang='lat' dir='ltr'><strong>legionem</strong></span> <span class='ocrx_word' id='word_1_245' title='bbox 680 3303 714 3366; x_wconf 93' lang='lat' dir='ltr'><strong>in</strong></span> <span class='ocrx_word' id='word_1_246' title='bbox 736 3302 871 3368; x_wconf 88' lang='lat' dir='ltr'><strong>Daciam</strong></span> <span class='ocrx_word' id='word_1_247' title='bbox 894 3302 1067 3369; x_wconf 87' lang='lat' dir='ltr'><strong>deductam</strong></span> <span class='ocrx_word' id='word_1_248' title='bbox 1091 3322 1163 3370; x_wconf 90' lang='lat' dir='ltr'><strong>esse</strong></span> <span class='ocrx_word' id='word_1_249' title='bbox 1185 3310 1332 3388; x_wconf 87' lang='lat' dir='ltr'><strong>apparet.</strong></span> 
     </span>
     <span class='ocr_line' id='line_1_31' title="bbox 174 3404 1332 3488; baseline 0 -15"><span class='ocrx_word' id='word_1_250' title='bbox 174 3407 260 3473; x_wconf 85' lang='lat' dir='ltr'><strong>Nam</strong></span> <span class='ocrx_word' id='word_1_251' title='bbox 275 3407 309 3471; x_wconf 93' lang='lat' dir='ltr'><strong>in</strong></span> <span class='ocrx_word' id='word_1_252' title='bbox 324 3425 364 3471; x_wconf 88' lang='lat' dir='ltr'><strong>ea</strong></span> <span class='ocrx_word' id='word_1_253' title='bbox 384 3410 477 3488; x_wconf 89' lang='lat' dir='ltr'><strong>parte</strong></span> <span class='ocrx_word' id='word_1_254' title='bbox 500 3404 586 3469; x_wconf 90' lang='lat' dir='ltr'><strong>illius</strong></span> <span class='ocrx_word' id='word_1_255' title='bbox 601 3405 809 3486; x_wconf 86' lang='lat' dir='ltr'><strong>monumenti,</strong></span> <span class='ocrx_word' id='word_1_256' title='bbox 833 3405 866 3468; x_wconf 92' lang='lat' dir='ltr'><strong>in</strong></span> <span class='ocrx_word' id='word_1_257' title='bbox 882 3423 946 3487; x_wconf 90' lang='lat' dir='ltr'><strong>qua</strong></span> <span class='ocrx_word' id='word_1_258' title='bbox 961 3410 1029 3470; x_wconf 88' lang='lat' dir='ltr'><strong>arte</strong></span> <span class='ocrx_word' id='word_1_259' title='bbox 1046 3425 1207 3488; x_wconf 91' lang='lat' dir='ltr'><strong>manuque</strong></span> <span class='ocrx_word' id='word_1_260' title='bbox 1223 3408 1332 3473; x_wconf 91' lang='lat' dir='ltr'><strong>omnia</strong></span> 
     </span>
     <span class='ocr_line' id='line_1_32' title="bbox 176 3505 1332 3593; baseline 0 -17"><span class='ocrx_word' id='word_1_261' title='bbox 176 3530 215 3576; x_wconf 84' lang='grc'><strong>61</strong></span> <span class='ocrx_word' id='word_1_262' title='bbox 235 3508 310 3576; x_wconf 90' lang='lat' dir='ltr'><strong>ficta</strong></span> <span class='ocrx_word' id='word_1_263' title='bbox 324 3515 406 3590; x_wconf 91' lang='lat' dir='ltr'><strong>sunt,</strong></span> <span class='ocrx_word' id='word_1_264' title='bbox 430 3526 513 3591; x_wconf 92' lang='lat' dir='ltr'><strong>quae</strong></span> <span class='ocrx_word' id='word_1_265' title='bbox 528 3505 571 3573; x_wconf 89' lang='lat' dir='ltr'><strong>ad</strong></span> <span class='ocrx_word' id='word_1_266' title='bbox 593 3507 681 3591; x_wconf 87' lang='lat' dir='ltr'><strong>prius</strong></span> <span class='ocrx_word' id='word_1_267' title='bbox 704 3507 823 3573; x_wconf 90' lang='lat' dir='ltr'><strong>bellum</strong></span> <span class='ocrx_word' id='word_1_268' title='bbox 838 3527 911 3573; x_wconf 92' lang='lat' dir='ltr'><strong>cnm</strong></span> <span class='ocrx_word' id='word_1_269' title='bbox 925 3506 1091 3575; x_wconf 91' lang='lat' dir='ltr'><strong>Decebalo</strong></span> <span class='ocrx_word' id='word_1_270' title='bbox 1114 3515 1238 3592; x_wconf 90' lang='lat' dir='ltr'><strong>gestum</strong></span> <span class='ocrx_word' id='word_1_271' title='bbox 1260 3529 1332 3593; x_wconf 94' lang='lat' dir='ltr'><strong>per-</strong></span> 
     </span>
     <span class='ocr_line' id='line_1_33' title="bbox 175 3608 1333 3695; baseline -0.001 -16"><span class='ocrx_word' id='word_1_272' title='bbox 175 3613 293 3694; x_wconf 83' lang='lat' dir='ltr'><strong>tinent,</strong></span> <span class='ocrx_word' id='word_1_273' title='bbox 321 3611 407 3694; x_wconf 91' lang='lat' dir='ltr'><strong>legio</strong></span> <span class='ocrx_word' id='word_1_274' title='bbox 430 3608 591 3694; x_wconf 89' lang='lat' dir='ltr'><strong>quaedam</strong></span> <span class='ocrx_word' id='word_1_275' title='bbox 613 3609 894 3692; x_wconf 77' lang='lat' dir='ltr'><strong>comprehenditur</strong></span> <span class='ocrx_word' id='word_1_276' title='bbox 916 3630 954 3678; x_wconf 89' lang='lat' dir='ltr'><strong>eo</strong></span> <span class='ocrx_word' id='word_1_277' title='bbox 979 3611 1050 3695; x_wconf 94' lang='lat' dir='ltr'><strong>ipso</strong></span> <span class='ocrx_word' id='word_1_278' title='bbox 1073 3617 1246 3694; x_wconf 91' lang='lat' dir='ltr'><strong>momento,</strong></span> <span class='ocrx_word' id='word_1_279' title='bbox 1269 3630 1333 3693; x_wconf 92' lang='lat' dir='ltr'><strong>quo</strong></span> 
     </span>
    </p>
   </div>
   <div class='ocr_carea' id='block_1_5' title="bbox 176 3775 1333 4102">
    <p class='ocr_par' dir='ltr' id='par_1_7' title="bbox 176 3775 1333 3933">
     <span class='ocr_line' id='line_1_34' title="bbox 263 3775 1333 3844; baseline 0.003 -13"><span class='ocrx_word' id='word_1_280' title='bbox 263 3781 288 3844; x_wconf 91' lang='grc'><strong>1)</strong></span> <span class='ocrx_word' id='word_1_281' title='bbox 306 3777 380 3831; x_wconf 90' lang='lat' dir='ltr'><strong>Idem</strong></span> <span class='ocrx_word' id='word_1_282' title='bbox 398 3781 493 3832; x_wconf 86' lang='lat' dir='ltr'><strong>narrat</strong></span> <span class='ocrx_word' id='word_1_283' title='bbox 516 3776 550 3832; x_wconf 86' lang='lat' dir='ltr'><strong>de</strong></span> <span class='ocrx_word' id='word_1_284' title='bbox 570 3776 719 3844; x_wconf 88' lang='lat' dir='ltr'><strong>legionibus</strong></span> <span class='ocrx_word' id='word_1_285' title='bbox 737 3776 798 3833; x_wconf 87' lang='lat' dir='ltr'><strong>VII.</strong></span> <span class='ocrx_word' id='word_1_286' title='bbox 817 3779 844 3830; x_wconf 90' lang='lat' dir='ltr'><strong>et</strong></span> <span class='ocrx_word' id='word_1_287' title='bbox 860 3776 909 3832; x_wconf 83' lang='lat' dir='ltr'><strong>XI.</strong></span> <span class='ocrx_word' id='word_1_288' title='bbox 930 3776 970 3832; x_wconf 85' lang='lat' dir='ltr'><strong>cl.</strong></span> <span class='ocrx_word' id='word_1_289' title='bbox 989 3776 1099 3832; x_wconf 84' lang='lat' dir='ltr'><strong>Cassius</strong></span> <span class='ocrx_word' id='word_1_290' title='bbox 1117 3775 1170 3832; x_wconf 91' lang='lat' dir='ltr'><strong>Dio</strong></span> <span class='ocrx_word' id='word_1_291' title='bbox 1188 3776 1248 3832; x_wconf 87' lang='lat' dir='ltr'><strong>LX.</strong></span> <span class='ocrx_word' id='word_1_292' title='bbox 1263 3783 1333 3844; x_wconf 80' lang='lat' dir='ltr'><strong>th,4</strong></span> 
     </span>
     <span class='ocr_line' id='line_1_35' title="bbox 176 3861 433 3933; baseline -0.008 -13"><span class='ocrx_word' id='word_1_293' title='bbox 176 3866 223 3933; x_wconf 85' lang='lat' dir='ltr'><strong>(cf.</strong></span> <span class='ocrx_word' id='word_1_294' title='bbox 240 3867 296 3932; x_wconf 71' lang='lat' dir='ltr'><strong>pt</strong></span> <span class='ocrx_word' id='word_1_295' title='bbox 316 3861 378 3917; x_wconf 76' lang='lat' dir='ltr'><strong>adn,</strong></span> <span class='ocrx_word' id='word_1_296' title='bbox 399 3865 433 3928; x_wconf 88' lang='grc'><strong>2).</strong></span> 
     </span>
    </p>

    <p class='ocr_par' dir='ltr' id='par_1_8' title="bbox 261 3945 615 4016">
     <span class='ocr_line' id='line_1_36' title="bbox 261 3945 615 4016; baseline 0.003 -15"><span class='ocrx_word' id='word_1_297' title='bbox 261 3951 287 4015; x_wconf 86' lang='grc'><strong>2)</strong></span> <span class='ocrx_word' id='word_1_298' title='bbox 305 3947 394 4016; x_wconf 85' lang='lat' dir='ltr'><strong>Spart.</strong></span> <span class='ocrx_word' id='word_1_299' title='bbox 408 3963 432 4000; x_wconf 88' lang='lat' dir='ltr'><strong>v.</strong></span> <span class='ocrx_word' id='word_1_300' title='bbox 447 3945 531 4002; x_wconf 88' lang='lat' dir='ltr'><strong>Hadr.</strong></span> <span class='ocrx_word' id='word_1_301' title='bbox 552 3950 576 4012; x_wconf 86' lang='grc'><strong>3,</strong></span> <span class='ocrx_word' id='word_1_302' title='bbox 591 3951 615 4002; x_wconf 89' lang='grc'><strong>6.</strong></span> 
     </span>
    </p>

    <p class='ocr_par' dir='ltr' id='par_1_9' title="bbox 262 4030 1133 4102">
     <span class='ocr_line' id='line_1_37' title="bbox 262 4030 1133 4102; baseline -0.001 -14"><span class='ocrx_word' id='word_1_303' title='bbox 262 4038 288 4100; x_wconf 83' lang='grc'><strong>1)</strong></span> <span class='ocrx_word' id='word_1_304' title='bbox 307 4030 470 4097; x_wconf 74' lang='grc'>11611111,</span> <span class='ocrx_word' id='word_1_305' title='bbox 488 4031 752 4102; x_wconf 79' lang='lat' dir='ltr'><strong>B.J.as,1oosqq.;</strong></span> <span class='ocrx_word' id='word_1_306' title='bbox 771 4031 930 4101; x_wconf 80' lang='lat' dir='ltr'><strong>Pfiuuerp.</strong></span> <span class='ocrx_word' id='word_1_307' title='bbox 944 4035 986 4099; x_wconf 81' lang='grc'><strong>11,</strong></span> <span class='ocrx_word' id='word_1_308' title='bbox 1002 4035 1060 4098; x_wconf 80' lang='lat' dir='ltr'><strong>res,</strong></span> <span class='ocrx_word' id='word_1_309' title='bbox 1074 4036 1133 4087; x_wconf 85' lang='lat' dir='ltr'><strong>mr.</strong></span> 
     </span>
    </p>
   </div>
   <div class='ocr_carea' id='block_1_6' title="bbox 0 0 1597 4742">
    <p class='ocr_par' dir='ltr' id='par_1_10' title="bbox 0 0 1597 4742">
     <span class='ocr_line' id='line_1_38' title="bbox 0 0 1597 4742; baseline 0 0"><span class='ocrx_word' id='word_1_310' title='bbox 0 0 1597 4742; x_wconf 95' lang='lat' dir='ltr'><strong> </strong></span> 
     </span>
    </p>
   </div>
  </div>
 </body>
</html>
