3188 4740
317 276 356 335 18
797 274 861 330 otto
879 273 1009 342 Schilling

315 469 384 515 rum
415 449 535 531 populo
557 447 702 514 Romano
731 447 918 514 infestorum
946 467 1013 514 rem
1043 447 1218 513 Romanam
1248 466 1404 514 summum
1437 447 1473 512 in

314 552 491 637 periculum
507 549 686 628 duxissent,
710 549 797 615 Nero
821 568 968 632 magnam
994 548 1231 633 expeditionem
1254 549 1381 633 paravit
1404 548 1471 622 „ad

316 653 450 737 Caspias
473 655 615 736 portas“‚
646 658 680 717 ut
702 650 873 718 Suetonius
896 672 927 718 v.
950 650 1087 718 Neronis
1112 672 1182 737 cap.
1201 655 1239 717 19
1263 650 1374 732 tradit,
1404 671 1471 717 non

316 758 418 823 solum
442 761 476 822 ut
497 754 606 822 hostes
633 753 718 820 bello
741 753 886 821 devictos
909 754 951 819 ab
973 755 1100 837 imperii
1122 753 1259 821 Romani
1281 752 1397 818 linibus
1419 773 1471 819 re·

315 860 460 943 pelleret,
484 856 541 922 sed
565 857 662 922 etiam
684 862 719 921 ut
733 861 800 922 tota
814 855 894 922 Asia
916 862 1073 937 occupatu
1087 855 1264 922 Alexandri
1279 855 1388 937 llagni
1410 856 1471 920 im·

315 962 439 1046 perium
462 964 639 1025 renovaret.
685 958 755 1025 Hoc
784 958 868 1025 enim
898 957 1064 1025 consilinm
1092 965 1127 1024 nt
1148 977 1207 1043 per
1235 976 1269 1024 se
1292 978 1312 1023 a
1332 957 1472 1023 Neronis

315 1062 424 1129 indole
446 1081 509 1127 non
532 1058 691 1142 abhorret,
715 1062 760 1127 ita
782 1059 985 1127 confirmatur
1008 1079 1062 1143 eo,
1086 1059 1172 1143 quod
1194 1061 1354 1143 legionem
1378 1079 1468 1126 oura-

314 1166 362 1232 vit
384 1162 646 1231 conscribendam
676 1181 738 1238 „ex
760 1180 871 1229 senum
894 1161 1012 1245 pedum
1041 1162 1212 1243 tironibus,
1242 1181 1337 1244 quam
1359 1161 1470 1244 Magni

314 1266 491 1334 Alexandri
514 1264 679 1348 phalanga
700 1264 887 1346 appellabat
895 1266 919 1328 ⁰.
962 1265 1075 1348 ltaque
1093 1265 1121 1331 si
1136 1284 1200 1330 non
1221 1264 1469 1347 provincialem

315 1376 480 1456 occupata,
496 1375 530 1435 at
545 1375 652 1434 tamen
667 1366 862 1449 occupanda,
878 1373 913 1432 nt
924 1387 1041 1432 novam
1057 1369 1216 1452 legionem
1233 1373 1365 1450 crearet,
1381 1367 1467 1434 Nero

314 1475 471 1541 adductus
494 1478 552 1538 est.

401 1576 506 1643 Aliter
529 1591 581 1638 res
604 1591 639 1638 se
663 1570 759 1638 habet
782 1571 814 1636 in
837 1570 911 1637 aliis
934 1571 1124 1655 legionibus,
1148 1591 1228 1655 quas
1246 1571 1467 1654 Ritterliugius

317 1678 471 1756 laudavit,
495 1675 692 1759 conscriptis.
737 1674 820 1740 Nam
845 1693 916 1740 cum
932 1674 1117 1740 Domitiano
1141 1679 1295 1758 regnante
1317 1672 1401 1738 duae
1424 1672 1468 1738 le-

315 1782 428 1865 giones
451 1779 634 1845 interissent
646 1779 677 1859 ¹),
701 1797 835 1860 quarum
859 1777 1012 1842 inlocum
1034 1777 1136 1842 altera
1150 1782 1273 1842 tautum
1295 1773 1467 1842 abeodem

315 1884 508 1964 imperatore
539 1885 608 1944 erat
630 1879 796 1960 suppleta,
831 1877 917 1960 legio
941 1879 964 1941 l.
992 1878 1151 1944 Minervio
1173 1878 1296 1945 scilicet
1317 1876 1369 1952 (cf.
1385 1876 1468 1940 inira

314 2005 345 2067 p.
368 1983 431 2063 23),
455 1979 558 2045 altera
581 1979 645 2043 iam
669 1983 737 2043 erat
759 1978 956 2061 supplenda;
987 1979 1027 2045 ob
1050 1977 1133 2045 hanc
1156 1998 1285 2046 causam
1307 1978 1469 2060 legionem

314 2084 420 2149 XXX.
450 2081 579 2164 Ulpiam
613 2081 665 2156 (cf.
689 2081 772 2145 infra
793 2100 824 2162 p.
842 2084 879 2144 31
898 2083 979 2164 sqq.)
1012 2082 1170 2148 Traianus
1199 2080 1371 2148 constituit.
1428 2080 1468 2145 Et

314 2186 439 2252 Marcus
462 2183 628 2266 Aurelius,
658 2183 712 2265 qui
737 2182 882 2266 legiones
905 2183 945 2247 ΙΙ.
970 2188 1001 2249 et
1023 2183 1080 2248 Ill.
1109 2183 1239 2250 Italicas
1269 2183 1466 2265 conscripsit,

313 2285 395 2351 nihil
426 2286 504 2352 fecit
535 2285 596 2351 nisi
626 2291 660 2349 ιιι
693 2283 917 2354 detrimentum
950 2286 1056 2352 multis
1090 2286 1183 2351 anuis
1215 2292 1290 2351 ante
1318 2285 1351 2350 in
1380 2285 1464 2351 bello

313 2392 480 2472 acceptum
511 2386 696 2469 resarciret;
731 2387 916 2453 interierant
944 2388 1028 2453 enim
1057 2387 1143 2470 legio
1172 2387 1230 2452 IX.
1260 2387 1406 2471 Hispana
1432 2388 1462 2450 in

313 2489 480 2556 Britannia
510 2489 569 2555 sub
592 2487 758 2555 Hadriano
788 2489 943 2555 etaltera
965 2488 1158 2572 quaedam2)
1190 2490 1339 2568 (fortusse
1360 2487 1452 2553 XXll.

314 2593 537 2674 Deiotariana3
560 2591 600 2658 ct.
617 2592 700 2658 infra
716 2611 785 2674 cap.
802 2591 842 2655 11.
860 2593 878 2667 9
896 2595 925 2665 1)
948 2612 1032 2658 anno
1055 2595 1188 2670 9151161
1215 2592 1301 2658 bello
1317 2588 1456 2658 Parthico

313 2695 371 2759 sub
387 2693 564 2758 Severiano
587 2693 704 2774 legato.
742 2692 842 2757 Vides
858 2693 954 2774 igitur
976 2700 1061 2759 stare
1082 2713 1145 2759 uon
1160 2713 1256 2776 posse
1272 2690 1465 2774 Ritterliugii
1569 2699 1570 2750 ι

313 2794 520 2876 seutentiam,
555 2793 609 2874 qui
643 2791 807 2858 contendit
840 2794 883 2876 (p.
915 2797 954 2857 72
983 2793 1055 2859 adn.
1088 2795 1119 2871 2)
1153 2797 1273 2862 nullam
1306 2796 1466 2876 legionem

312 2894 388 2961 iude
416 2894 458 2959 ab
484 2893 621 2977 Augusti
651 2895 847 2976 temporibus
878 2895 910 2960 in
939 2897 1044 2963 locum
1073 2897 1210 2980 legionis
1239 2898 1362 2964 deletae
1392 2915 1468 2961 con-

312 2998 463 3081 scriptam
494 2999 604 3075 essai)
657 2997 771 3080 Neque
801 3016 839 3063 eo
868 2997 997 3064 fulcitur
1025 3000 1183 3066 sententia
1212 3001 1296 3082 eius,
1325 2997 1411 3081 quod
1434 2998 1468 3063 in

311 3101 416 3168 locum
445 3100 582 3183 legionis
604 3100 661 3165 IX.
686 3100 849 3180 Hispanae
878 3119 982 3182 neque
1012 3102 1053 3167 ab
1077 3101 1242 3169 Hadriano
1268 3101 1340 3184 ipso
1363 3119 1468 3183 neque

399 3270 422 3331 1)
441 3263 518 3333 Quod
537 3263 608 3317 infra
625 3266 662 3332 (p.
676 3267 718 3328 21)
737 3265 901 3332 argumentis
920 3265 1104 3335 probabimus.

398 3353 424 3414 2)
441 3347 476 3403 ci.
492 3348 606 3403 Schiller
625 3348 673 3412 „R.
687 3349 721 3403 K.
736 3349 848 3404 Gesch.“
868 3349 904 3406 II.
923 3367 950 3420 p.
965 3355 1023 3406 639.
1043 3381 1075 3391 -
1095 3351 1204 3407 Cassius
1216 3351 1268 3407 Dio
1285 3351 1383 3406 LXXI.
1399 3357 1467 3418 2,1:

305 3429 334 3492 Ὁ
346 3429 402 3507 γὰρ
417 3428 593 3504 Οὐλόγαισος
611 3433 739 3503 πολέμου
756 3425 830 3507 ἦρξε,
848 3439 896 3491 καὶ
914 3431 1114 3509 στρατόπεδόν
1126 3456 1158 3493 τε
1176 3426 1247 3492 ὅλον
1259 3430 1421 3507 Ῥωμαϊκὸν
1431 3433 1467 3493 τὸ

309 3514 366 3577 ὑπὸ
387 3522 573 3594 Σεανηριανῷ
596 3519 771 3590 τεταγμένον
793 3517 825 3576 ἐν
842 3523 878 3591 τῇ
895 3513 1035 3598 Ἐλεγεῖα,
1057 3523 1156 3596 χωρίῳ
1178 3525 1232 3577 τινὶ
1250 3525 1299 3593 τῆς
1317 3515 1469 3596 Ἀρμενίας,

311 3603 456 3678 περισχὼν
468 3599 616 3662 πάντοθεν
629 3597 726 3670 αὐτοῖς
737 3598 857 3676 ἡγεμόσι
869 3602 1057 3672 κατετόξευσε
1069 3609 1117 3663 καὶ
1131 3606 1281 3676 διέφθειρε.
1300 3638 1333 3646 -
1351 3609 1468 3663 Luciam.

311 3691 445 3761 quomodo
469 3689 532 3745 hist.
559 3689 692 3747 conscrib.
715 3691 751 3744 sit
763 3694 805 3745 21.
819 3695 862 3759 253
882 3691 1028 3747 Alexandr.
1042 3696 1082 3745 21.
1103 3722 1134 3732 -
1153 3690 1256 3747 Fronto
1272 3708 1300 3761 p.
1315 3697 1363 3748 299
1377 3696 1405 3748 et
1418 3696 1468 3748 212

310 3777 352 3832 ed.
365 3777 466 3832 Naner.

398 3864 423 3926 3)
441 3859 523 3915 Falsa
541 3866 582 3914 est
600 3859 680 3913 etiam
698 3875 730 3915 ea
749 3860 892 3926 sententia,
910 3875 991 3929 quam
1012 3860 1083 3916 idem
1099 3861 1214 3930 protulit
1230 3861 1359 3930 legionem
1377 3863 1467 3920 XXX.

311 3945 417 4014 Ulpiam
428 3944 512 3999 fuisse
524 3945 577 3998 iam
588 3945 731 4012 conditam,
742 3961 803 4000 cum
814 3945 881 4014 legio
891 3945 964 4002 XXl.
977 3945 1045 4014 Rap.
1058 3945 1190 4012 interiret,
1203 3950 1233 4001 ut
1244 3945 1314 4000 inira
1326 3949 1382 4015 (pp.
1394 3951 1426 4001 24
1440 3951 1469 4002 et

311 4035 340 4084 31
354 4034 422 4100 sqq.)
441 4044 644 4098 cognoscemus.
