3170 4742
293 227 335 280 ne
352 225 502 293 legionibus
520 225 704 280 aomanorum
721 225 743 280 1.
763 225 897 280 Minervio
914 229 942 281 et
959 225 1045 280 xxx.
1064 224 1153 294 orpus.
1259 225 1298 282 51

229 398 320 465 Nihil
342 399 439 482 igitur
462 405 587 466 constat
601 398 785 482 delegione
807 398 1035 465 XXXV-V·
1055 399 1117 465 uisi
1133 399 1219 465 bello
1235 399 1299 464 Da·

143 504 213 571 eico
236 503 380 570 confecto
395 502 429 566 in
445 502 612 568 Pannonia
633 521 691 585 per
706 508 833 586 tempus
849 521 921 568 eam
943 502 1120 569 tetendisse
1142 501 1193 577 (cf.
1209 519 1241 583 p.
1259 501 1300 563 38

142 604 216 670 adn.
241 607 271 683 2)
301 610 333 670 et
358 609 472 688 postea
500 605 533 670 in
556 604 763 670 Germaniam
785 605 973 670 Interiorem
1002 624 1073 672 esse
1102 603 1298 670 translatam.

142 706 208 773 Sed
236 709 334 791 plane
357 707 391 772 in
412 706 520 773 medio
549 706 794 790 relinquendum
825 713 888 789 est,
918 712 1024 772 utrum
1053 719 1094 772 ex
1122 706 1195 789 ipsa
1217 705 1300 770 Pan-

141 810 239 875 nonia
261 810 294 875 in
317 808 524 876 Germaniam
550 810 648 876 missa
668 830 711 875 an
732 810 811 874 alibi
835 814 931 876 antea
952 816 1077 876 morata
1099 809 1148 874 sit.
1194 808 1300 889 Atque

143 913 299 978 Reuierus
312 915 334 983 ¹)
359 910 490 994 quidem
512 917 544 977 et
558 912 754 978 Dierauerus
766 913 790 993 2)
814 931 873 995 pro
891 917 978 979 certo
993 915 1186 994 acceperunt
1200 909 1300 991 legio-

143 1035 217 1081 nem
232 1014 275 1080 ad
291 1014 412 1080 bellum
427 1012 611 1080 Parthicum
626 1013 801 1097 gerendum
817 1034 839 1080 a
852 1013 993 1080 Traiano
1009 1013 1196 1080 arcessitam
1219 1030 1301 1094 esse,

144 1116 231 1200 quod
261 1136 324 1200 quo
351 1117 421 1182 iure
449 1115 688 1198 contenderint,
717 1117 783 1182 iam
813 1116 1043 1183 examinemus.
1095 1114 1161 1182 Sed
1184 1115 1217 1179 in
1239 1133 1302 1178 uno

144 1218 241 1283 Annii
263 1219 419 1284 Martialis
441 1219 535 1284 titulo
558 1217 644 1282 VIII.
661 1220 746 1281 2354
762 1219 805 1294 (n.
824 1220 898 1295 191)
924 1218 1083 1284 sententia
1112 1236 1222 1284 eorum
1243 1234 1299 1300 po·

142 1320 205 1386 sita
228 1327 285 1386 est.
329 1321 486 1386 Renierus
509 1320 596 1386 enim
618 1325 717 1385 -ut
746 1325 873 1386 taceam
901 1319 942 1386 dc
965 1321 1142 1386 Dierauero
1169 1336 1301 1403 prorsus

144 1422 177 1485 iu
201 1423 269 1488 eius
293 1428 398 1489 eastra
419 1428 604 1490 transeunte
625 1431 667 1469 '·-
690 1421 857 1488 contendit
880 1423 1037 1489 eoloniam
1061 1420 1191 1506 Ulpiam
1213 1417 1299 1484 Tha-

145 1523 277 1605 mugadi
293 1525 495 1590 constitutam
512 1543 583 1592 esse
598 1545 619 1590 a
634 1525 798 1592 veteranis
812 1525 950 1608 legionis
961 1525 1060 1591 XXX
1075 1522 1203 1603 ·V·V·,
1220 1539 1300 1604 quos

146 1625 291 1692 victoriis
313 1626 474 1692 nonnullis
496 1625 538 1692 de
560 1626 749 1694 Parthorum
776 1647 852 1711 rege
874 1629 1045 1711 reportatis
1068 1627 1204 1692 honesta
1225 1622 1300 1688 mis·

144 1727 235 1792 sione
258 1727 394 1793 donatos
409 1728 450 1810 in
471 1727 658 1794 Numidiam
680 1728 871 1795 deduxisset
893 1730 1066 1812 Traianus,
1095 1748 1158 1811 quo
1181 1729 1300 1792 iactum

143 1847 225 1911 esse,
248 1834 285 1894 ut
305 1829 470 1904 „Victoria
484 1829 656 1897 Parthiea“
679 1830 800 1897 ibidem
819 1830 906 1898 cultu
920 1833 1051 1916 proprio
1075 1830 1299 1898 celebraretur.

141 1931 248 2012 Atque
270 1930 410 2014 primum
433 1931 563 2014 quidem
585 1933 683 2017 plane
705 1934 881 2000 absurdum
898 1941 954 2019 est,
978 1934 1012 2000 id
1028 1932 1115 2017 quod
1130 1933 1195 1998 iam
1209 1951 1241 2016 p.
1260 1933 1296 1992 41

143 2031 322 2114 statuimus,
347 2033 489 2116 cogitare
512 2040 682 2102 veteranos
698 2035 852 2103 dimissos
868 2056 949 2121 esse,
973 2057 1045 2104 cum
1061 2038 1165 2120 ipsum
1180 2033 1299 2100 bellum

143 2134 246 2216 magis
276 2135 445 2218 magisque
473 2136 738 2213 exardescerem)
791 2138 935 2220 Deinde,
969 2138 1004 2204 id
1032 2136 1119 2221 quod
1147 2134 1299 2220 gravissi·

143 2257 229 2302 mum
251 2243 316 2321 est,
345 2238 379 2302 iu
401 2238 467 2304 alio
493 2239 587 2305 titulo
616 2239 739 2306 ibidem
769 2246 896 2324 reperto
919 2240 1047 2307 disertis
1070 2240 1177 2306 verbis
1201 2238 1299 2320 scrip-

146 2343 212 2404 tum
233 2339 381 2406 videmus
403 2360 487 2407 anuo
511 2341 647 2421 854l100
663 2342 805 2409 Traiano
828 2349 958 2409 auctore
981 2343 1141 2410 coloniam
1158 2339 1299 2406 Thamu-

144 2441 221 2523 gadi
243 2442 406 2509 eouditam
435 2463 506 2510 esse
528 2463 549 2509 a
570 2444 607 2509 L.
630 2445 775 2511 Munatio
799 2445 894 2513 Gallo
917 2447 1025 2530 legato
1036 2449 1071 2530 ⁴),
1093 2450 1129 2510 ut
1151 2440 1301 2510 concidat

143 2543 273 2610 Renieri
297 2546 489 2611 coniectura.
513 2579 555 2589 -
577 2546 677 2613 Vides
708 2549 805 2631 igitur
835 2568 875 2615 ue
904 2551 1046 2633 speciem
1074 2545 1204 2631 quidem
1226 2563 1298 2628 pro·

143 2645 322 2713 habilitatis
350 2666 429 2731 prae
457 2668 492 2714 se
520 2649 603 2715 ferre
632 2650 818 2734 opinionem
847 2651 938 2717 illam
966 2653 1053 2718 bello
1076 2647 1226 2717 Parthico
1253 2647 1299 2712 lc·
1361 2696 1364 2701 -

142 2748 274 2831 gionem
296 2748 488 2817 interfuisse.
525 2752 627 2819 Immo
650 2755 697 2821 sio
716 2755 867 2821 existimo
890 2755 1018 2820 titulum
1041 2774 1112 2820 esse
1135 2751 1298 2835 explican-

143 2851 230 2932 dum,
246 2856 282 2916 ut
292 2852 416 2918 Annius
431 2852 598 2937 Martialis,
614 2861 688 2936 post
704 2856 826 2922 bellum
842 2857 997 2923 Dacicum
1012 2865 1183 2922 veteranus
1199 2852 1298 2935 legio-

141 2954 193 3020 nis
214 2953 314 3018 XXX
330 2952 453 3019 ·V·V·
477 2955 580 3021 faetus
603 2961 635 3021 et
657 2955 906 3041 Thamugadem
928 2958 961 3023 in
984 2957 1144 3023 coloniam
1171 2955 1298 3039 missus,

142 3076 215 3122 cum
244 3055 416 3122 moriturus
444 3055 566 3122 bellum
592 3076 663 3124 esse
686 3064 834 3125 exortum
864 3078 936 3125 oum
959 3057 1087 3125 Parthis
1109 3055 1297 3135 audivisset,

142 3158 175 3222 in
191 3163 383 3224 testamento
406 3159 532 3224 titulum
555 3160 741 3226 faciundum
764 3162 935 3243 curaverit,
960 3181 1022 3244 quo
1038 3157 1166 3226 Parthis
1189 3156 1297 3222 deuic-

231 3396 255 3458 1)
274 3393 351 3448 Leon
363 3391 463 3446 Renier
474 3391 503 3446 in
523 3392 669 3455 „Anchises
688 3395 735 3449 des
747 3394 875 3450 missions
893 3393 1076 3464 scientifiques
1088 3396 1116 3448 et
1127 3393 1297 3448 litteraircs“.

8 3447 10 3524 ]
140 3477 228 3534 nans.
248 3481 322 3545 nasu,
340 3478 405 3532 tom.
419 3477 454 3533 11.
466 3493 493 3546 p.
509 3480 566 3532 1sa.

228 3567 255 3629 1)
274 3562 407 3617 Dior-ouer
423 3563 451 3616 in
470 3562 631 3631 ,Budiugeu
650 3563 758 3622 Untars.
776 3582 826 3620 zur
843 3565 922 3621 Rom.
940 3564 1144 3634 Kaisergesob.“
1162 3561 1185 3618 I.
1198 3579 1224 3630 p.
1240 3566 1297 3616 159.

228 3651 253 3715 3)
272 3647 307 3703 of.
326 3663 410 3717 supra
425 3664 453 3718 p.
466 3651 498 3702 31
518 3648 579 3702 adn.
598 3653 627 3717 43
644 3665 672 3718 p.
685 3653 727 3703 41.

228 3738 254 3801 4)
271 3732 346 3788 VIII.
364 3737 443 3788 2355:
461 3734 529 3804 Imp.
543 3733 645 3789 Caesar
656 3734 728 3802 (divi)
740 3736 749 3804 Ι)
763 3735 869 3790 Nervae
888 3735 906 3790 f.
920 3736 1012 3791 Nerva
1029 3734 1183 3800 Traiantus)
1195 3733 1204 3800 Ι)
1218 3733 1297 3798 (aug.)

143 3820 341 3885 Germauitcbus
353 3819 560 3887 pontallltmax.)
572 3818 654 3885 trti)b.
667 3823 734 3888 polt.
747 3819 802 3874 IIII
815 3824 880 3886 cols.
893 3821 934 3876 111
944 3838 971 3891 p.
983 3827 1029 3890 (p.)
1043 3822 1114 3887 coll.)
1122 3821 1131 3891 Ι)
1141 3817 1296 3886 (Morbouia-

10 3923 11 3964 1
142 3921 205 3960 nam
218 3905 386 3972 Tutai)auam
398 3902 477 3971 Thia)
489 3906 499 3972 [Ι
512 3903 639 3973 (mugabdi
655 3919 705 3973 per
722 3905 774 3974 leg.
789 3905 839 3962 ΠΙ.
852 3906 943 3975 Aulg.)
955 3907 965 3974 Ι)
978 3906 1109 3973 (condidit
1120 3906 1152 3961 L.
1166 3901 1296 3970 Mluuati·

10 3981 11 3994 ¹
141 3993 195 4058 (us)
213 3991 309 4045 Gallus
328 3989 379 4057 leg.
393 3990 403 4058 Ι)
415 3987 484 4058 Aug.
496 4004 546 4059 pro
565 3992 625 4058 (pr.)
638 3991 647 4058 Ι)
661 3989 686 4044 d.
700 3992 747 4058 (d.)

1109 4077 1141 4129 4*
