3188 4740
267 271 306 328 28
748 269 811 324 Otto
830 269 960 336 Sehilling

271 443 416 512 Boissieu
439 445 501 507 306
524 445 565 520 (n.
595 445 648 519 96)
671 441 918 525 interpretando.
971 441 1060 508 Dicit
1088 441 1171 508 enim
1199 439 1293 524 (liph.
1318 461 1368 524 ep.
1385 441 1423 508 V.

269 567 300 629 p.
321 549 407 623 loti:
438 546 605 620 „veterani
634 543 697 610 duo
721 544 803 610 tituli
826 544 1052 627 Lugdunensis
1076 591 1180 610 .....
1205 543 1324 610 milites
1346 545 1424 610 faeti

271 669 341 716 esse
364 654 498 733 possunt
520 646 639 713 dileetu
662 646 928 713 Durocortorensi
950 652 983 712 et
1004 645 1242 732 Agrippinensi,
1266 645 1323 713 sed
1346 647 1423 712 item

271 758 345 836 post
366 750 552 817 missionem
574 749 730 831 originem
754 750 919 831 antiquam
942 750 1118 816 mutavisse
1133 755 1266 834 aoeepto
1289 749 1423 833 praedio

272 857 304 921 in
321 853 503 922 eivitatibus
527 851 710 918 memoratis
720 857 741 916 “.
786 849 852 916 Sed
876 871 1047 934 quamnam
1071 858 1198 918 secutus
1222 857 1307 918 esset
1328 851 1423 917 ratio·

271 976 344 1023 nem
367 955 407 1020 Μ.
431 954 580 1020 Aurelius
595 954 722 1020 Primus
745 960 925 1036 veteranus,
950 974 1021 1020 oum
1044 975 1102 1037 pro
1121 973 1156 1021 se
1172 973 1294 1038 suoque
1316 961 1424 1020 eontu-

271 1057 395 1124 bernali
417 1055 539 1123 faceret
565 1057 746 1140 sepulerum
770 1053 935 1138 Lugduni,
962 1056 990 1122 si
1012 1056 1082 1138 ipse
1105 1057 1138 1120 in
1161 1054 1333 1119 Remorum
1355 1057 1424 1122 fini-

272 1162 346 1242 bus,
376 1160 432 1225 ille
458 1155 605 1221 Coloniae
633 1157 801 1243 praedium
824 1157 1024 1241 accepisset?
1067 1158 1169 1224 Immo
1193 1160 1269 1242 quin
1293 1168 1425 1244 uterque

272 1269 345 1349 post
367 1262 554 1330 missionem
570 1259 736 1326 honestam
752 1259 944 1342 Lugdunum
967 1261 999 1325 in
1015 1260 1174 1326 eoloniam
1197 1261 1238 1327 sit
1258 1260 1425 1346 deductus,

271 1387 335 1434 non
363 1367 439 1433 lieet
466 1363 623 1446 dubitari,
652 1362 841 1446 praesertim
863 1383 934 1429 eum
958 1370 989 1429 et
1011 1364 1067 1428 alii
1089 1362 1175 1428 tituli
1204 1369 1425 1430 veteranorum

271 1469 408 1552 legionis
424 1468 448 1532 l.
465 1466 642 1532 Minerviae
665 1463 785 1530 ibidem
801 1465 919 1547 reperti
935 1466 997 1530 sint
1019 1466 1070 1542 (of.
1086 1466 1167 1532 iufra
1183 1487 1253 1552 eap.
1269 1466 1329 1545 V.).
1367 1467 1425 1532 Mi·

271 1571 355 1636 nime
379 1570 475 1652 igitur
498 1566 550 1634 hio
565 1567 675 1632 titulus
698 1566 908 1650 ambiguitate
932 1587 995 1650 qua
1017 1567 1096 1634 dioit
1110 1568 1324 1637 Mommsenus
1346 1568 1427 1635 milri

272 1672 398 1739 videtur
421 1671 577 1736 laborare.

360 1774 468 1841 Pauca
490 1779 658 1858 praeterea
675 1772 793 1838 addam
818 1772 947 1837 tabulae
962 1793 983 1838 a
998 1771 1196 1840 Mommseno
1220 1776 1427 1856 compositae.

273 1876 359 1942 Satis
383 1874 513 1958 quidem
537 1873 756 1956 scrupulorum
779 1872 858 1935 mihi
883 1879 998 1953 movet,
1022 1872 1109 1954 quod
1132 1894 1173 1937 ex
1196 1875 1287 1939 titulo
1310 1876 1426 1941 Tarus-

273 1977 402 2044 eonensi
425 1973 522 2041 valde
545 1978 693 2055 eorrupto
723 1972 839 2038 elioere
870 1978 1000 2036 conatus
1024 1977 1072 2036 est
1094 1971 1330 2041 Hirschfeldius
1352 1975 1425 2040 XII.

274 2079 335 2142 985
354 2074 401 2156 ’(11.
425 2078 478 2152 85)
500 2073 676 2142 aneilium
700 2073 790 2138 illum
805 2072 965 2138 Baeterris
988 2078 1096 2138 natum
1119 2073 1153 2137 in
1175 2075 1304 2156 legione
1326 2077 1425 2140 1.Μί-

273 2181 385 2247 neruia
408 2177 569 2262 stipendia
590 2175 715 2242 fecisse.
754 2174 869 2258 Neque
884 2174 912 2240 si
927 2173 1023 2259 plane
1039 2173 1242 2241 manifestum
1266 2182 1360 2256 esset,
1384 2176 1426 2241 ad

273 2281 356 2349 hane
385 2279 604 2365 quaestionem
634 2277 809 2362 quidquam
839 2277 918 2344 eerti
945 2275 1140 2360 efficeretur,
1172 2277 1322 2360 quoniam
1345 2277 1426 2343 diiu-

273 2383 375 2452 dioari
397 2403 460 2450 non
484 2387 606 2466 potest,
629 2387 733 2446 utrum
756 2387 852 2448 antea
874 2380 906 2445 in
929 2381 1057 2462 legione
1080 2381 1104 2446 Ι.
1129 2381 1287 2447 Mineruia
1309 2401 1351 2446 an
1374 2379 1425 2445 VI.

274 2487 412 2555 Vietriee
441 2484 636 2552 militaverit.
681 2483 786 2549 Valde
815 2489 922 2548 antem
948 2483 1061 2565 miror,
1092 2483 1178 2565 quod
1201 2482 1427 2563 Mommsenus‚

273 2591 328 2672 qui
352 2610 393 2657 ex
415 2589 508 2655 titulo
533 2587 661 2654 Bramb.
685 2590 744 2650 201
771 2587 812 2662 (n.
840 2587 910 2662 143)
934 2585 1089 2650 oonolusit
1107 2585 1305 2649 Britanniam
1327 2584 1425 2666 legio·

274 2692 381 2756 narios
404 2691 592 2772 praebuisse
614 2689 734 2769 legioni
757 2687 862 2750 XXX.
888 2685 1004 2767 Ulpiae
1032 2683 1126 2768 (Eph.
1150 2704 1199 2768 ep.
1226 2685 1263 2750 V.
1287 2706 1317 2769 p.
1343 2688 1428 2768 231),

273 2792 316 2858 ad
331 2791 469 2872 legionis
484 2790 508 2854 l.
526 2789 702 2853 Minerviae
725 2786 877 2853 dilectum
900 2785 1157 2869 eognoseendum
1171 2788 1269 2870 plane
1284 2788 1429 2871 neglexit

274 2892 400 2959 titulum
417 2891 452 2957 B.
469 2891 499 2958 J.
517 2892 621 2973 47118,
639 2892 695 2952 161
715 2891 756 2966 (n.
774 2890 836 2971 39),
860 2908 901 2954 ex
917 2908 990 2972 quo,
1013 2888 1041 2955 si
1057 2887 1194 2955 eandem
1209 2891 1365 2958 rationem
1380 2910 1429 2958 se-

274 2994 440 3079 quimurb,
463 3015 505 3063 ex
520 2994 639 3061 Norico
662 3011 790 3076 quoque
812 2992 1037 3076 supplementa
1058 2994 1213 3059 arcessita
1228 3012 1298 3060 esse
1316 2994 1428 3061 elnoet.

363 3188 386 3249 1)
404 3182 486 3236 Falsa
504 3179 574 3233 enim
591 3183 633 3231 est
647 3176 818 3231 Leemannsii
830 3175 973 3240 sententia,
992 3175 1038 3244 qui
1050 3175 1091 3241 (B.
1105 3175 1130 3230 J.
1145 3181 1189 3242 41,
1206 3179 1262 3243 161)
1275 3177 1346 3231 hune
1364 3177 1428 3230 titu-

275 3269 331 3322 lum
345 3268 384 3322 sio
397 3265 529 3334 explieat:
549 3260 897 3325 „Hoohstuahrseheinlioh
915 3261 991 3315 hatte
1004 3262 1114 3316 anneus
1127 3261 1263 3317 Maximus
1275 3262 1324 3316 mit
1342 3261 1430 3316 dieser

276 3353 364 3406 seiner
382 3349 486 3416 Legion
504 3350 583 3403 nnter
608 3348 668 3402 dem
685 3346 795 3401 Belehle
817 3346 865 3401 des
884 3345 1003 3401 Hadrian
1021 3345 1064 3401 die
1082 3347 1246 3416 Expedition
1269 3347 1306 3401 im
1329 3351 1353 3400 2,
1374 3346 1430 3400 Da·

277 3435 386 3491 eisehen
404 3434 501 3502 Kriege
524 3433 695 3502 mitgemaoht
718 3431 773 3485 und
791 3431 849 3486 sich
873 3431 932 3486 dem
950 3430 1063 3486 Dienste
1080 3431 1128 3485 der
1147 3431 1299 3487 Norischen
1317 3431 1429 3499 Mutter‚

276 3520 327 3586 die,
347 3520 395 3574 uie
412 3519 457 3574 ioh
474 3518 580 3587 glaube,
599 3516 690 3572 bisher
707 3517 757 3570 anf
771 3515 937 3570 Insohrilten
954 3515 1026 3571 nooh
1044 3515 1120 3570 nieht
1137 3515 1343 3584 vorgelrommen
1361 3516 1430 3582 sind,

276 3604 494 3674 angesohlossen.
531 3603 643 3671 8111161,
662 3601 792 3656 naohdem
810 3601 868 3655 sein
886 3600 1080 3656 Belehlshaber
1097 3599 1194 3654 Kaisar
1212 3600 1365 3668 geworden,
1383 3601 1432 3654 mit

277 3691 324 3746 der
342 3689 445 3758 Legion
468 3689 539 3744 nach
558 3688 647 3743 Germ.
666 3687 717 3742 1111.
742 3685 959 3755 uuruokgelrehrt
982 3685 1037 3738 und
1060 3685 1088 3738 in
1113 3684 1165 3738 den
1188 3684 1307 3753 hiesigen
1326 3685 1430 3753 (legen-

277 3776 329 3831 den
352 3775 502 3842 stationirt,
523 3775 591 3829 leste
613 3787 642 3827 er
666 3772 740 3828 seine
761 3772 895 3837 Gelubde‚
919 3771 961 3826 die
984 3784 1013 3825 er
1035 3768 1169 3824 vielleieht
1193 3770 1319 3825 1111116111
1344 3771 1431 3825 seines

277 3859 468 3914 Autenthaltes
492 3860 521 3913 in
543 3858 672 3914 Noricum
694 3857 901 3927 versproehem.
936 3857 1026 3911 Leem.
1051 3855 1234 3925 igiturpatet
1256 3856 1386 3924 legionem
1407 3854 1430 3908 Ι.

278 3945 436 4000 Mineruiam
454 3959 539 4012 usqne
556 3944 592 3999 ad
606 3943 737 3999 Hadriani
753 3944 893 4012 imperium
912 3943 940 3997 in
958 3940 1096 4011 provincia
1114 3941 1230 4010 quadam
1247 3940 1320 4009 apud
1337 3940 1431 3993 Danu-

277 4032 351 4086 vium
368 4029 468 4086 flumen
491 4030 543 4084 sita
564 4029 719 4084 tetendisse.
756 4028 808 4083 Sed
830 4027 901 4082 inira
923 4015 1151 4082 demonstrabitur
1173 4031 1242 4095 (cap.
1261 4024 1319 4092 ΙΙΙ.)
1341 4023 1431 4080 statim
