3170 4742
310 284 350 344 20
790 281 854 335 Otto
873 277 1004 347 Sobilllng

396 456 461 524 Sed
490 458 556 523 iam
579 455 764 536 videamus,
795 471 875 535 quos
899 471 940 517 ex
963 451 1086 516 ratione
1109 448 1166 514 illa
1189 450 1348 535 exemplis
1368 449 1477 517 modo
1566 463 1567 496 ³

309 561 445 644 probata
459 559 502 627 ad
518 559 601 625 hauc
616 557 836 642 quaestionem
851 554 971 620 fructus
986 553 1152 637 percipere
1167 552 1336 636 possimus.
1360 553 1476 637 Atque

310 663 435 745 imperii
451 661 530 729 lines
542 682 606 728 non
618 676 816 745 propagasse
827 656 1047 724 Domitianum
1063 655 1141 722 satis
1157 661 1290 722 constat.
1324 654 1476 723 Necesse
1566 655 1567 658 ’

309 765 407 847 igitur
435 770 484 832 est
509 764 595 847 legio
622 763 646 828 1.
669 760 828 828 Mineruia
855 758 1036 841 conscripta
1064 757 1105 823 sit
1134 757 1167 822 in
1194 758 1300 823 locum
1328 757 1474 826 amissae

310 866 475 934 cuiusdam
490 866 621 933 alterius
637 865 706 931 sive
722 862 808 930 bello
826 861 955 928 deletae
969 860 1039 927 sive
1054 865 1129 943 post
1143 857 1333 926 seditionem
1348 858 1472 926 lactem

310 975 545 1037 exauctoratae.
589 965 749 1045 Quoniam
764 969 871 1031 autem
889 968 963 1029 ante
978 961 1188 1028 rebellionem
1210 961 1342 1028 Antonii
1357 960 1470 1028 Satur-

309 1071 387 1150 nini,
410 1090 493 1154 quae
508 1071 587 1153 sola,
610 1073 765 1153 quantum
786 1068 914 1148 scimus,
938 1070 1044 1131 aetate
1060 1064 1236 1130 Domitiani
1258 1063 1394 1132 facultas
1411 1066 1471 1132 ob·

309 1175 376 1240 lata
387 1172 522 1240 estlidei
538 1169 728 1255 medendae,
744 1170 831 1253 legio
842 1169 876 1234 in
887 1167 1062 1234 Germania
1073 1166 1228 1234 Inferiore
1243 1165 1308 1232 iam
1320 1166 1470 1253 tetendit,

310 1276 416 1342 elucet
430 1274 511 1339 nihil
534 1279 655 1341 restare
677 1274 740 1340 nisi
755 1278 789 1338 ut
804 1273 837 1336 in
855 1271 960 1337 locum
984 1269 1112 1336 deletae
1133 1269 1294 1351 legionem
1310 1270 1335 1335 1.
1351 1270 1470 1338 Miner·

309 1378 398 1443 viam
414 1378 616 1444 constitutam
639 1394 711 1442 esse
728 1373 926 1442 confidenter
948 1371 1124 1438 credamus.
1171 1371 1256 1455 Ergo
1279 1372 1307 1438 si
1332 1391 1367 1439 re
1390 1393 1471 1440 vera

309 1485 384 1544 ante
404 1499 523 1545 anunm
547 1479 661 1559 843189
686 1477 744 1544 sub
768 1477 951 1543 Domitiano
974 1474 1134 1559 legionem
1156 1474 1242 1541 bello
1265 1476 1389 1559 perisse
1411 1476 1470 1543 de·

310 1580 601 1662 monstraverimus,
623 1581 718 1647 simul
741 1578 981 1661 comprobatum
1004 1577 1097 1655 crit1)
1123 1583 1243 1644 rectam
1266 1596 1347 1661 esse,
1371 1598 1468 1661 quam

310 1683 498 1766 protulimus
514 1681 556 1750 de
570 1683 798 1766 imperatorum
822 1681 855 1746 in
876 1680 1058 1763 legionibus
1080 1678 1311 1747 constituendis
1333 1681 1466 1765 ratione,

309 1786 509 1852 sententiam.
554 1782 649 1863 Quod
672 1782 892 1851 demonstrare
914 1801 1010 1865 posse
1032 1779 1111 1846 mihi
1133 1780 1256 1848 videor.

395 1887 480 1952 Nam
495 1886 666 1954 Cassius
682 1886 758 1953 Dio
773 1886 806 1951 iu
821 1885 896 1951 libri
917 1883 1063 1951 LXVllI.
1078 1903 1148 1968 cap.
1164 1887 1184 1950 9
1200 1882 1360 1967 deprimo
1382 1885 1468 1953 bello

310 1988 432 2054 Dacico
444 1987 577 2054 Traiani
592 1988 721 2054 ineunte
738 1986 820 2055 haec
831 1987 1006 2053 memoriae
1021 1984 1179 2069 prodidit:
1199 1979 1235 2051 Ὁ
1248 1983 1283 2051 δὲ
1303 1984 1467 2071 Τραιανὸς

309 2081 370 2174 ὅρη
402 2111 438 2154 τε
467 2086 731 2173 ἐντετειχισμένα
760 2087 858 2172 ἔλαβε
886 2088 941 2152 καὶ
971 2084 1005 2152 ἐν
1034 2079 1147 2164 αὐτοῖς
1176 2085 1219 2152 τά
1246 2111 1283 2154 τε
1310 2082 1398 2154 ὅπλα
1419 2089 1463 2154 τά

308 2213 345 2254 τε
373 2189 594 2277 μηχανήματα
622 2191 677 2257 καὶ
699 2188 741 2256 τὰ
768 2188 964 2274 αἰχμάλωτα
985 2187 1023 2255 τό
1047 2213 1083 2256 τε
1107 2201 1243 2277 σημεῖον
1265 2187 1299 2255 τὸ
1322 2186 1376 2254 ἐπὶ
1399 2194 1462 2255 τοῦ

311 2289 465 2358 Φούσκου
489 2287 571 2359 elbo
595 2286 678 2380 εὗρε.

395 2394 519 2473 Quibus
548 2415 589 2463 ex
618 2398 725 2466 verbis
754 2398 1007 2464 luculentissime
1036 2403 1172 2481 apparet
1201 2398 1374 2464 exereitum
1400 2397 1461 2463 Ro·

311 2518 440 2565 manum
463 2519 483 2565 a
507 2498 670 2567 Decebalo
693 2519 769 2583 rege
792 2499 986 2582 gravissima
1008 2499 1101 2565 clade
1123 2497 1275 2567 affectum
1299 2517 1379 2583 esse,
1402 2518 1465 2582 qua

310 2599 405 2666 clade
426 2621 491 2668 non
513 2603 618 2668 solum
640 2600 762 2670 Fuscus
785 2599 852 2667 dux
875 2603 1051 2669 exstinctus
1074 2608 1137 2684 est,
1161 2601 1220 2668 sed
1243 2603 1339 2669 etiam
1363 2608 1466 2669 castra

308 2706 462 2768 tetecum
478 2704 576 2769 armis
600 2701 821 2785 machinisque
843 2705 1010 2786 permultis
1032 2703 1074 2770 eb
1097 2702 1243 2771 hostibus
1267 2712 1363 2788 capta
1384 2711 1466 2771 sunt.

309 2801 393 2883 Sed,
416 2801 450 2867 id
479 2801 566 2884 quod
593 2805 818 2887 gravissimum
843 2810 907 2886 est,
939 2816 1112 2890 σημεῖον
1134 2826 1263 2891 quoquc
1292 2807 1325 2873 in
1353 2807 1467 2873 barba·

308 2921 416 2968 rorum
445 2905 534 2970 venit
561 2911 770 2989 potestatem,
799 2905 886 2989 qnod
915 2908 1009 2990 quale
1038 2909 1135 2975 fuerit
1165 2929 1206 2976 ex
1233 2910 1304 2993 ipso
1333 2928 1467 2975 numero

309 3004 464 3086 singulari
495 3014 640 3093 apparet.
685 3008 720 3074 Si
751 3010 835 3076 enim
866 3021 989 3096 σημεῖα
1017 3030 1087 3078 esse
1117 3019 1306 3097 recuperate
1336 3012 1467 3080 Cassius

309 3105 372 3173 Dio
395 3109 585 3191 scripsisset,
613 3108 654 3177 de
677 3110 855 3177 cohortium
879 3113 979 3196 signis
1002 3114 1137 3197 cogitari
1158 3121 1293 3198 poterat,
1317 3135 1399 3198 quae
1422 3116 1468 3182 ad

310 3210 415 3291 ipsam
437 3209 598 3290 legionem
622 3210 815 3278 servandam
837 3214 956 3280 nullius
979 3222 1052 3281 sunt
1074 3217 1243 3300 momenti3
1266 3212 1303 3281 τὸ
1329 3227 1468 3301 σημεῖον

308 3318 416 3377 autem
439 3309 520 3375 nihil
543 3317 591 3378 est
612 3313 674 3379 nisi
696 3313 823 3397 aquila,
848 3314 984 3398 legionis
1006 3318 1170 3401 proprium
1193 3336 1320 3401 numen,
1343 3324 1378 3384 ut
1400 3319 1466 3384 Ta·

310 3412 392 3478 citus
415 3411 503 3494 dicit,
527 3432 591 3495 quo
613 3415 732 3481 amisso
755 3415 842 3500 legio
865 3436 993 3500 prorsus
1016 3417 1262 3485 dissolvebatur.

395 3512 460 3579 Sed
489 3515 800 3600 circumspiciamus,
831 3519 909 3601 quid
939 3520 980 3585 de
1003 3519 1116 3586 cadem
1138 3520 1234 3588 Fusci
1257 3520 1348 3589 ducis
1370 3522 1467 3589 clade
1506 3501 1512 3511 ⁵

308 3616 367 3682 alii
389 3635 495 3683 rerum
518 3618 690 3702 scriptores
713 3622 887 3687 memoriae
910 3620 1114 3688 tradiderint:

314 3738 512 3746 m..—

398 3787 421 3849 1)
439 3783 555 3839 Etiamsi
572 3798 606 3838 ne
623 3800 672 3839 nos
691 3787 798 3854 quidem
817 3787 1005 3844 contendimus
1022 3788 1081 3844 fieri
1093 3805 1149 3846 non
1167 3789 1296 3860 potuisse,
1315 3795 1346 3845 ut
1356 3789 1464 3845 ratione

309 3867 357 3922 illa
374 3867 497 3935 neglecta
515 3868 687 3925 Domitianus
710 3871 823 3928 arbitrio
843 3873 893 3928 soli
911 3878 938 3927 et
959 3873 1064 3928 libidini
1085 3874 1227 3944 indulgens
1249 3875 1381 3945 legionem
1399 3891 1465 3932 oon-

310 3953 395 4018 deret,
411 3957 510 4019 tamen,
530 3954 554 4008 si
571 3959 646 4008 certa
665 3956 759 4011 eadem
771 3962 861 4013 aetate
879 3957 1014 4014 exercitus
1026 3960 1141 4028 augendi
1160 3976 1243 4016 causa
1255 3961 1381 4029 occurrit,
1400 3961 1467 4031 quid

311 4037 486 4093 statuendum
504 4039 547 4104 sit,
565 4038 677 4094 dubium
695 4055 755 4096 esse
773 4058 826 4097 non
844 4047 941 4112 potest.
