3170 4742
289 278 330 332 De
347 277 498 347 legIonibus
516 277 700 334 Romanorum
717 278 739 333 l.
757 277 891 333 Mineruia
907 284 934 333 et
951 278 1037 334 XXX.
1056 277 1145 349 Ulpia.
1252 279 1290 339 25

141 453 375 520 incursionibus
391 454 460 519 eius
477 449 653 535 primordia
674 451 884 517 turbarentur.
922 450 1100 536 Aptissima
1114 453 1210 536 igitur
1227 461 1295 521 erat

141 557 308 640 provincia
319 555 493 623 Germania
504 554 649 635 Inferior,
666 553 717 618 cui
728 573 814 619 nova
829 553 915 636 legio
931 555 1157 638 imponeretur,
1173 556 1293 640 quippe

141 679 223 745 quae
238 660 303 724 iam
318 658 389 724 XV.
406 677 524 723 annum
540 674 619 739 pace
634 660 800 738 perpetua,
823 659 857 720 ut
872 654 1009 736 videtur,
1032 656 1196 740 gauderet.
1233 658 1294 724 Ac·

142 762 243 846 cedit,
267 758 370 845 quod,
394 778 465 826 cum
488 763 636 840 quattuor
657 758 820 842 legionum
843 759 961 824 stativa
986 759 1019 824 in
1042 759 1100 826 illa
1128 761 1296 842 provincia

142 868 322 946 exstarent,
351 861 386 925 in
408 859 508 926 tribus
536 865 658 925 tantum
682 857 740 926 illa
767 866 874 927 aetate
902 860 1047 943 legiones
1077 863 1293 929 tetenderunt:

141 965 336 1046 Noviomagi
365 963 509 1046 legiones
538 961 578 1026 X.
603 960 739 1028 Gemina
768 969 801 1027 et
823 961 928 1027 XXII.
959 963 1171 1046 Primigenia,
1201 965 1294 1031 Vete-

143 1069 230 1135 ribus
253 1066 339 1149 legio
361 1065 414 1131 VI.
438 1064 572 1130 Victrix.
617 1064 700 1130 Nam
727 1083 809 1147 quae
833 1064 964 1132 Bonnae
994 1072 1090 1132 antea
1118 1065 1297 1133 tetenderat

143 1171 229 1254 legio
256 1167 346 1233 XXI.
365 1168 484 1256 Rapax
513 1173 580 1232 tum
611 1167 675 1231 iam
705 1166 737 1230 in
760 1164 966 1232 Germaniam
994 1167 1199 1252 Superiorem
1228 1174 1297 1234 erat

143 1268 341 1353 translata1),
365 1268 451 1335 unde
473 1288 647 1351 numquam
669 1268 702 1332 in
725 1268 912 1336 Interiorem
934 1269 1048 1352 rediit,
1077 1276 1112 1336 ut
1133 1269 1228 1336 facile
1251 1270 1295 1334 in·

141 1374 321 1457 tellegatur,
345 1391 400 1439 cur
422 1391 505 1438 auno
530 1371 694 1449 84118718
717 1373 830 1438 castris
845 1372 1067 1439 Bonnensibus
1090 1372 1177 1455 legio
1197 1371 1299 1437 11111--

140 1477 254 1543 nervia
276 1495 387 1542 recens
411 1474 592 1556 conscripta
614 1474 773 1540 collocata
795 1475 874 1551 sit.²l

228 1579 265 1643 In
288 1597 393 1662 pauca
415 1596 571 1643 summam
592 1575 820 1661 disputationis
844 1597 969 1659 cogam:

232 1680 333 1763 Legio
349 1680 373 1744 1.
405 1679 563 1744 Mineruia
591 1677 721 1744 condita
751 1685 800 1744 est
828 1679 870 1744 ab
892 1680 1084 1762 imperatore
1112 1678 1296 1744 Domitiano

142 1803 227 1850 anuo
250 1781 365 1861 841187
390 1786 527 1846 exeunte
551 1780 583 1844 in
606 1780 711 1846 locum
736 1779 873 1862 legionis
896 1780 932 1845 V.
957 1779 1114 1863 Alaudae,
1137 1798 1222 1862 quae
1245 1799 1296 1846 eo·

143 1885 215 1952 dem
239 1904 323 1950 anno
346 1883 405 1949 sub
429 1882 533 1948 Fusco
556 1881 638 1948 duce
660 1902 680 1947 a
703 1881 801 1948 Dacis
831 1883 922 1964 signo
945 1882 1064 1948 amisso
1093 1901 1189 1948 caesa
1218 1887 1295 1966 erat,

142 1989 319 2071 castrisque
348 1985 570 2051 Bonnensibus
600 1985 759 2067 imposita.
816 1983 867 2049 Ab
897 1984 989 2050 initio
1017 1984 1104 2068 legio
1127 1984 1152 2048 1.
1181 1984 1297 2050 Flavia

142 2091 300 2158 Mineruia
327 2089 493 2155 nominata
521 2094 553 2154 et
584 2092 656 2170 post
679 2087 870 2154 seditionem
892 2087 1025 2153 Antonii
1047 2085 1212 2153 SaturnIni
1241 2107 1296 2171 op·

142 2213 286 2277 pressam
309 2211 374 2257 una
396 2210 468 2257 cum
491 2191 565 2255 aliis
580 2189 773 2255 Germaniae
788 2188 953 2257 Inferioris
976 2189 1157 2273 legionibus
1179 2208 1296 2271 cogno·

144 2295 282 2361 minibus
310 2292 410 2368 ,Piae
433 2290 557 2356 Fidelis
580 2290 804 2356 Domitianae“
835 2289 990 2357 honorata
1013 2297 1075 2374 est;
1106 2289 1164 2357 sed
1186 2290 1296 2356 Domi-

145 2396 225 2461 tiani
255 2393 398 2460 defuncti
426 2391 608 2458 nominibus
631 2392 766 2459 abiectis
795 2399 909 2476 postea
930 2395 992 2477 leg.
1010 2395 1034 2459 Ι.
1058 2395 1216 2460 Mineruia
1238 2394 1297 2461 Pia

144 2496 266 2562 Fidelis
296 2502 345 2562 est
367 2495 597 2578 cognominata.
643 2495 795 2561 Praetera
824 2497 991 2563 statuimus
1014 2497 1199 2564 Domitiano
1227 2516 1296 2580 reg-

142 2605 238 2665 nante
261 2598 347 2664 bello
370 2596 505 2664 amissas
529 2617 599 2664 esse
614 2597 758 2680 legiones
782 2597 872 2681 duas,
896 2599 958 2680 leg.
977 2599 1012 2664 V.
1028 2599 1189 2666 Alaudam
1212 2598 1297 2665 bello

143 2702 265 2769 Dacico
286 2720 371 2767 anno
394 2700 507 2779 841181
532 2706 564 2766 81
586 2700 747 2781 legionem
763 2700 852 2765 XXI.
875 2701 1039 2784 Rapacem
1063 2702 1148 2768 bello
1170 2701 1297 2768 Sarma·

143 2806 207 2872 tico
235 2822 319 2869 anno
343 2803 467 2882 846192.

235 2991 258 3049 l)
276 2985 439 3039 Persuasum
451 2985 522 3039 enim
534 2985 621 3038 habeo
634 2985 780 3039 rectissime
793 2985 941 3039 coniecisse
951 2986 1097 3054 Bergidum
1107 2987 1190 3052 (,Zur
1200 2988 1297 3044 Gesch.

145 3088 172 3126 u.
186 3069 303 3138 Topogr.
319 3070 345 3123 d.
359 3068 482 3122 Bheinl.“
501 3083 528 3136 p.
543 3072 586 3132 69)
606 3067 675 3122 88811
687 3068 852 3134 Senecionis,
871 3069 991 3124 consulis
1009 3070 1072 3124 anni
1091 3070 1183 3140 853199
1202 3087 1300 3127 nomen

146 3154 343 3210 restituendum
361 3166 420 3208 esse
442 3152 471 3207 in
493 3152 587 3208 tabula
608 3167 693 3208 aenea
715 3153 743 3206 in
762 3151 907 3208 Germania
925 3153 1070 3223 Superiora
1087 3158 1209 3224 reperta,
1229 3157 1300 3224 quod

146 3237 334 3307 Ritterlingius
354 3253 459 3308 quoque
477 3237 603 3307 probarit
620 3240 656 3307 tp.
670 3241 722 3304 141.
742 3268 772 3277 -
791 3237 858 3293 Inde
876 3238 1003 3303 allicitur,
1022 3245 1053 3294 ut
1069 3239 1138 3308 legio
1157 3240 1298 3296 11111118-

144 3342 208 3396 pax,
226 3325 255 3380 iu
273 3338 326 3393 qua
344 3323 419 3378 circa
437 3338 536 3378 annum
555 3322 649 3393 838184
673 3322 798 3378 tribunus
821 3324 867 3378 ille
885 3324 979 3380 Sosius
997 3325 1134 3392 militarit,
1155 3325 1209 3381 hoc
1227 3341 1298 3381 anno
1385 3353 1389 3362 ·

143 3411 197 3465 iam
215 3411 243 3465 in
263 3408 408 3464 Germania
426 3407 571 3477 Superiora
588 3409 739 3463 tetenderit.

232 3498 257 3560 2)
275 3493 361 3561 Adde,
380 3493 452 3562 quod
474 3492 574 3548 ibidem
591 3492 619 3546 in
638 3493 695 3548 solo
714 3493 901 3563 aquaeductus
925 3495 1031 3563 tegulae
1049 3498 1173 3563 repertae
1191 3501 1256 3550 sunt
1274 3501 1300 3550 et

144 3580 254 3649 legionis
272 3579 348 3635 XXI.
366 3578 485 3648 Rapacis
503 3581 530 3632 et
547 3578 569 3632 I.
588 3577 736 3633 Minerviae
753 3577 785 3634 P.
799 3578 832 3632 F.
851 3579 896 3644 181.
911 3579 942 3634 B.
956 3579 1033 3645 uso,
1047 3582 1119 3648 231);
1144 3594 1198 3647 qua
1216 3594 1249 3634 ex
1267 3595 1298 3634 re

146 3665 226 3720 facile
244 3664 429 3721 concludimus
448 3664 579 3732 legionem
597 3664 619 3718 1.
631 3663 791 3719 Minervium
810 3680 887 3733 opus,
901 3666 972 3733 quod
990 3665 1040 3733 leg.
1053 3663 1127 3718 XXI.
1140 3663 1219 3732 Rap,
1238 3680 1298 3719 cum

145 3750 172 3805 in
187 3749 276 3805 Germ.
291 3750 355 3819 Sep.
369 3751 555 3813 deduceretur,
568 3748 755 3817 imperfectum
767 3748 921 3818 redquerat,
940 3753 1004 3817 post
1015 3763 1114 3803 anuum
1128 3748 1221 3818 842188
1235 3763 1297 3803 888·

145 3834 251 3891 fecisse.
