3170 4742
271 264 310 321 66
687 281 690 286 ·
743 259 806 314 Otto
825 258 953 328 Schilling

270 436 368 500 larios
396 435 559 517 legionum
587 433 848 499 Germanicarum
878 431 1046 498 Parthicae
1076 452 1204 516 quoque
1228 431 1341 498 Severi
1370 453 1428 500 ex-

269 536 427 622 peditioni
450 535 640 601 interfuisse.

355 637 475 716 Quales
488 638 520 702 iu
532 638 657 724 proelio
669 637 756 720 apud
768 636 959 718 Lugdunum
972 637 1142 702 commisso
1154 637 1298 718 legiones
1310 637 1335 701 Ι.
1348 637 1424 702 Min.

270 749 302 806 et
324 739 430 805 XXX.
448 740 546 822 Ulpia
561 758 632 805 sese
653 739 879 822 praestiterint,
903 759 974 804 cum
998 745 1085 805 certa
1107 757 1212 804 rerum
1235 739 1425 821 scriptorum

270 844 453 909 testimonio
475 842 516 908 de
539 843 674 924 singulis
696 842 877 924 legionibus
905 842 1000 924 plane
1028 841 1133 907 desint
1154 861 1193 908 au
1215 861 1255 906 ne
1279 860 1321 907 ex
1342 841 1426 926 lapi·

270 944 364 1009 dibus
387 943 517 1027 quidem
539 943 580 1009 de
597 942 658 1008 hac
673 963 708 1008 re
724 944 797 1009 elici
819 942 994 1026 ‘quidquam
1016 944 1127 1027 possit,
1150 944 1182 1007 in
1198 943 1305 1009 medio
1328 943 1424 1007 relin·
1498 991 1501 996 .

270 1045 432 1130 quendum
455 1052 518 1128 est,
542 1046 603 1112 nisi
629 1046 711 1111 sorte
739 1045 915 1128 refugimus
938 1044 979 1110 ad
1009 1045 1098 1110 illam
1121 1047 1335 1111 coniecturam
1358 1045 1424 1110 iam

270 1167 367 1231 supra
389 1149 431 1230 (p.
456 1151 495 1212 43
508 1150 568 1230 sq.)
591 1168 611 1213 a
632 1167 684 1212 me
706 1149 882 1230 prolatam,
911 1147 1071 1227 legionem
1100 1145 1197 1210 XXX
1213 1179 1219 1192 ·
1235 1147 1284 1210 V·
1300 1147 1340 1209 V·
1358 1147 1424 1214 illis

269 1249 466 1332 temporibus
489 1247 682 1332 aSeptimio
698 1247 819 1314 Severo
842 1255 973 1330 propter
994 1246 1091 1312 fidem
1114 1249 1328 1333 virtutemque
1350 1270 1423 1333 pro·

271 1352 378 1416 batam
401 1351 643 1434 cognominibus
667 1351 766 1426 „Piae
789 1350 932 1416 Fidelis“
956 1358 1100 1416 ornatam
1123 1369 1203 1416 esse.

356 1452 451 1530 Quod
473 1452 623 1535 Lugduni
651 1453 800 1536 permulti
823 1452 906 1516 tituli
933 1452 1095 1532 legionum
1122 1458 1270 1535 quattuor
1292 1452 1423 1519 Germa-

158 1579 161 1585 ·
269 1556 411 1620 nicarum
434 1555 552 1638 reperti
575 1561 664 1637 sunt,
689 1555 785 1619 variis
808 1552 912 1619 modis
935 1554 996 1618 viri
1019 1553 1106 1620 docti
1129 1556 1293 1638 explicare
1316 1556 1426 1620 conati

270 1663 350 1722 sunt.
396 1657 501 1738 Atque
531 1676 571 1720 ex
601 1657 738 1738 legionis
767 1655 872 1720 XXII.
904 1655 1118 1737 Primigeniae
1146 1656 1310 1737 lapidibus
1339 1657 1423 1740 Lug-

270 1758 465 1825 dunensibus
495 1759 712 1840 WIenerus¹)‚
747 1778 817 1824 cum
847 1758 877 1822 ei
906 1777 969 1822 non
1002 1757 1214 1824 innotuissent
1246 1759 1309 1824 nisi
1342 1768 1424 1820 cete-

269 1880 421 1922 ranorum
453 1860 536 1924 tituli
566 1860 762 1943 sepulcrales
772 1863 813 1942 ⁴²),
847 1858 996 1940 Lugduni
1030 1867 1253 1925 veteranorum
1285 1861 1424 1943 legionis

269 1961 374 2026 XXII.
392 1961 606 2043 Primigeniae
631 1961 788 2026 coloniam
804 1961 903 2025 fuisse
926 1962 1101 2037 coniecit.³)
1138 1959 1268 2044 Optimo
1292 1961 1425 2045 quidem

269 2064 354 2146 iure,
384 2071 419 2128 ut
447 2071 534 2147 puto.
581 2062 645 2129 Sed
674 2064 769 2145 plane
798 2083 871 2128 eum
901 2063 982 2146 fugit
1008 2063 1104 2129 etism
1127 2065 1321 2144 reliquarum
1345 2063 1424 2130 Ger·

270 2166 395 2231 maniae
411 2166 575 2248 utriusque
590 2166 764 2249 legionum,
781 2165 866 2229 VIII.
882 2165 1004 2248 Aug.⁴),
1027 2167 1051 2228 I.
1068 2167 1155 2248 Min,
1178 2166 1275 2230 XXX
1291 2199 1297 2210 ·
1312 2166 1424 2250 V·v-‚

270 2269 378 2334 titulos
404 2269 578 2351 permultos
600 2287 664 2332 non
686 2269 788 2333 solum
816 2274 1038 2332 veteranorum
1062 2267 1183 2333 ibidem
1205 2261 1341 2350 exstare.
1365 2269 1424 2334 sed

270 2369 366 2434 etiam
392 2368 537 2442 militum,
568 2370 804 2453 centurIonum‚
833 2370 1040 2434 tribunorum.
1092 2371 1140 2435 Ac
1162 2368 1422 2447 (irotefendiusb

269 2490 398 2554 quoque
420 2473 539 2537 erravit
562 2473 697 2537 milltum
720 2473 820 2537 titulis
835 2491 964 2554 prorsus
986 2472 1141 2554 neglectis
1164 2471 1284 2537 idcirco
1307 2480 1352 2538 tot
1366 2493 1419 2538 ve-

158 2594 160 2601 ’
269 2583 451 2640 turanorum
480 2574 618 2656 vestigIa
647 2574 784 2638 inveniri
807 2573 956 2656 Lugduni
984 2581 1087 2654 ratus,
1117 2572 1204 2655 quod
1231 2575 1344 2638 milites
1372 2574 1416 2638 le·

269 2676 400 2756 gionum
431 2683 578 2758 quattuor
600 2674 864 2742 Germanicarum
893 2695 935 2741 ex
957 2674 1065 2741 Gallia
1087 2674 1292 2756 Lugdunensi
1319 2676 1419 2756 potis·

269 2909 352 2973 fecto)
367 2909 439 2962 circa
447 2908 575 2962 Arabiam
588 2909 668 2976 plura
680 2908 771 2975 gessit,
785 2907 893 2962 Parthis
905 2907 986 2962 etiam
994 2907 1022 2960 in
1032 2908 1164 2963 dicionem
1176 2909 1293 2964 redactIs
1305 2923 1423 2964 necnon

269 2995 349 3050 etiam
367 2994 524 3061 Adsuetus,
548 2993 605 3064 qui
623 2993 754 3062 quidem
778 3009 890 3050 omues
915 3008 988 3047 cum
1007 2993 1195 3049 Pescennio
1217 2999 1421 3050 senserant“.

358 3084 380 3146 1)
393 3079 511 3147 Wiener,
523 3079 556 3134 de
567 3079 672 3148 legione
684 3079 867 3134 Romanorum
878 3079 1004 3133 vicesima
1019 3079 1147 3146 secunda,
1161 3080 1326 3133 Darmstadii
1341 3083 1422 3148 18303

270 3167 304 3220 cf.
319 3183 345 3236 p.
359 3171 400 3220 to.

354 3255 379 3315 t)
398 3251 432 3305 cl.
456 3249 575 3303 eiusdem
597 3249 681 3304 libelli
701 3265 727 3317 p.
748 3253 779 3302 98
790 3265 830 3318 sq.
854 3280 887 3288 -
910 3249 1003 3304 Plures
1027 3250 1120 3304 titulos
1142 3249 1226 3303 habes
1248 3249 1275 3302 in
1299 3248 1421 3317 inscript.

269 3337 365 3404 Luget,
383 3350 451 3402 quas
471 3335 602 3392 Boissieu.
621 3335 716 3395 edidit;
736 3335 771 3389 cf.
791 3351 817 3403 p.
831 3338 947 3404 328sqq.

355 3424 381 3483 3)
400 3420 429 3473 ld
439 3420 544 3488 quidem
554 3419 652 3476 falsum
663 3427 712 3488 est,
722 3421 794 3490 quod
802 3421 1005 3485 Fuchsii(„u1u.
1013 3417 1270 3486 Geseh.v.Mainz“;
1284 3418 1352 3486 Il.p.
1362 3421 1421 3485 202)

269 3512 295 3560 et
308 3504 427 3559 Fiedleri
443 3505 570 3568 („Gesch.
584 3507 609 3560 d.
623 3512 737 3560 unteren
751 3506 907 3574 Germeu.“;
926 3523 951 3574 p.
969 3509 1025 3570 188)
1043 3503 1177 3559 sententis
1189 3502 1304 3568 probatu
1316 3503 1423 3557 censuit

270 3590 363 3644 titulos
381 3589 441 3644 illos
459 3589 539 3658 primi
557 3606 616 3644 esse
634 3591 736 3646 saeculi
754 3596 780 3644 et
798 3591 928 3657 legionem
943 3589 1031 3644 XXII.
1046 3589 1137 3650 Prim„
1155 3589 1300 3651 antequam
1312 3585 1340 3639 in
1354 3587 1421 3642 Ger·

268 3675 384 3729 maniam
402 3674 554 3741 transisset,
572 3675 601 3728 iu
619 3675 708 3729 Gellia
726 3675 896 3729 excubuisse.
934 3674 1011 3741 Quod
1030 3689 1090 3728 cum
1108 3669 1167 3724 aliis
1185 3669 1218 3722 de
1237 3668 1326 3724 causis
1344 3671 1420 3740 inep-

268 3767 325 3813 tum
344 3764 385 3813 est
403 3765 460 3812 tum
477 3759 520 3812 vel
537 3775 569 3815 eo
587 3759 729 3826 refutetur,
748 3759 819 3828 quod
839 3759 903 3822 „Pia
922 3758 1036 3813 Fidelis“
1056 3758 1083 3810 iu
1101 3755 1153 3809 illis
1171 3757 1351 3811 monumentis
1370 3757 1421 3824 leg.

268 3844 356 3898 XXII.
376 3843 511 3913 appellata
529 3851 569 3899 est
587 3845 633 3911 (cl.
652 3860 736 3914 supra
751 3861 777 3914 p.
792 3847 890 3912 usqu).

354 3934 379 3990 ll
397 3929 529 3984 Boissieu.
548 3931 564 3986 l.
578 3930 596 3985 l.
615 3947 640 3999 p.
654 3933 702 3984 321
713 3946 770 3998 sqq.

354 4019 378 4079 5)
398 4012 553 4070 Grotefend.
571 4013 599 4066 in
618 4013 720 4082 „Pauly
736 4014 880 4068 Realenc.“
898 4012 945 4066 IV.
959 4027 985 4080 p.
998 4016 1048 4066 900
1059 4029 1099 4082 sq.
