3188 4740
278 281 318 338 14
748 279 813 335 ouo
831 279 959 348 scmuug

277 454 395 536 =ingius
422 452 576 536 probasse
605 449 712 516 littera
741 452 798 518 illa
819 452 859 518 D.
884 451 1058 536 significari
1088 451 1373 526 „Dtomitianam)“
1396 458 1435 517 et

276 554 494 639 „legionibus
523 572 606 636 quae
634 554 755 639 pietate
777 560 810 620 et
831 553 986 620 fidelitate
1015 574 1073 620 sua
1097 554 1321 637 imperatorem
1344 572 1432 620 sum·

276 677 328 722 mo
351 657 495 741 periculo
523 657 719 740 eripuerant,
749 676 812 722 non
838 657 939 722 solum
968 657 1160 740 cognomina
1186 655 1222 720 P.
1244 655 1281 720 F.
1310 655 1434 722 donata

277 778 357 842 esse,
380 759 437 826 sed
460 759 557 825 etiam
580 759 681 840 ipsius
703 759 915 842 imperatoris,
938 758 971 823 id
988 758 1073 842 qnod
1096 759 1195 825 multo
1218 757 1430 824 bonorificen-

276 862 339 927 tius
360 869 445 942 erat,
474 879 652 942 cognomen
679 861 864 944 impositum
893 861 1024 937 esse“.¹)
1068 859 1156 938 Quos
1179 860 1262 926 enim
1285 866 1431 927 moverat

276 964 442 1047 scrupulos
470 962 764 1046 Frendenbergius,
799 964 919 1046 optime
948 962 1034 1029 idem
1062 961 1104 1029 de
1132 961 1241 1028 medio
1268 963 1394 1028 sustulit
1403 965 1428 1036 ²)

276 1072 319 1151 (p.
344 1067 569 1234 {endu-{iimit
591 1168 750 1252 quispiam
774 1166 896 1249 duplex
919 1165 1061 1234 eiusdem
1089 1167 1291 1249 imperatoris
1313 1186 1427 1233 nomen

276 1270 381 1338 eidem
404 1269 525 1353 legioni
547 1270 730 1351 impositum
747 1287 816 1336 oum
833 1287 941 1352 perse
963 1267 1133 1336 offensioni
1156 1287 1226 1335 osse
1249 1275 1313 1335 tum
1334 1289 1427 1353 prop-

276 1381 379 1456 terea,
410 1371 495 1456 quod
518 1371 591 1437 aliis
614 1371 856 1454 cognominibus
879 1372 921 1437 sit
943 1371 1129 1438 seiunctum.
1173 1370 1268 1449 Quod
1297 1369 1425 1456 quidem

275 1478 379 1560 primo
403 1476 514 1541 obtutu
538 1474 666 1539 videtur
687 1474 843 1557 praebere
866 1473 1093 1557 offensionem
1119 1474 1298 1540 accuratius
1321 1481 1425 1539 antem

276 1578 441 1660 quaerenti
470 1576 566 1642 facile
594 1575 763 1659 serupulus
791 1594 832 1640 ex
862 1575 970 1640 animo
999 1575 1164 1642 evelletur.
1213 1575 1314 1660 Origo
1342 1576 1426 1642 enim

275 1679 480 1763 dignitasque
513 1677 647 1745 duorum
681 1678 807 1745 illorum
841 1679 1064 1761 cognominum
1097 1678 1134 1742 F.
1170 1685 1201 1745 et
1234 1679 1273 1744 Ι).
1307 1679 1426 1762 legioni

274 1785 298 1848 l.
323 1783 499 1849 Minerviae
523 1783 710 1849 tributorum
734 1782 831 1864 plane
853 1781 1003 1848 diversae
1024 1788 1106 1847 sunt.
1150 1781 1299 1864 Namque
1321 1783 1428 1848 littera

278 1884 311 1948 f.
327 1890 401 1949 ante
417 1903 605 1966 cognomen,
629 1883 715 1966 quod
731 1883 867 1964 legionis
882 1883 1045 1966 proprium
1062 1889 1121 1965 est,
1137 1883 1355 1960 „Minerviae“
1370 1905 1426 1968 po·

275 1987 337 2053 sita
360 1983 506 2067 efficitur,
530 1990 565 2048 ut
587 1982 701 2051 eodem
725 1984 832 2069 modo,
855 2005 918 2068 quo
942 1986 1027 2068 legio
1050 1985 1135 2070 llll,
1159 1988 1279 2071 quippe
1302 2007 1384 2070 quae
1405 2005 1427 2051 a

274 2087 475 2171 Vespasiano
498 2087 679 2169 conscripta
693 2087 745 2168 sit,
764 2085 899 2164 Ftlavia)
922 2088 1147 2169 cognominata
1162 2095 1219 2169 est,
1243 2089 1339 2154 etiam
1362 2091 1425 2171 leg.

273 2193 299 2256 Ι.
322 2190 398 2255 Min.
428 2190 470 2256 ab
493 2190 565 2271 ipsa
587 2189 709 2272 origine
740 2210 810 2257 cum
841 2188 936 2255 domo
959 2187 1075 2255 Flavia
1104 2191 1305 2280 coniunctam
1327 2192 1426 2258 fuisse

274 2291 470 2358 ostendatur.
496 2327 536 2337 -
559 2292 645 2374 Ergo
660 2293 702 2358 ab
717 2292 809 2358 initio
825 2293 912 2375 legio
927 2292 1153 2376 appellabatur
1172 2294 1255 2376 „leg
1270 2296 1296 2359 I.
1312 2294 1425 2361 Flavia

273 2394 469 2477 Minervia“;
500 2413 562 2476 quo
592 2392 773 2461 declaratur
802 2396 927 2478 tegulas
955 2394 1029 2461 illas
1059 2396 1244 2462 Bonnenses
1270 2417 1301 2480 p.
1327 2403 1424 2480 losq.

274 2502 538 2564 commemoratas
553 2496 777 2579 antiquissima
792 2516 864 2564 esse
879 2496 1016 2580 legionis
1032 2503 1244 2580 monumenta,
1268 2498 1309 2563 ad
1325 2519 1424 2565 annos

273 2601 421 2666 nimirum
451 2600 492 2664 ab
516 2600 639 2682 origine
662 2600 731 2665 eius
760 2619 861 2683 usque
890 2597 932 2664 ad
960 2598 1056 2665 finem
1085 2600 1160 2665 anni
1184 2599 1298 2680 scales
1329 2603 1424 2685 perti·

272 2702 389 2766 nentia.

357 2802 470 2882 ltaque
494 2821 566 2866 cum
596 2800 702 2866 hieme
732 2802 807 2865 anni
830 2800 944 2881 842l88
967 2802 1010 2867 ad
1033 2804 1149 2876 sterce
1172 2824 1235 2870 una
1257 2825 1328 2872 cum
1350 2807 1424 2872 aliis

273 2902 466 2970 Germaniae
490 2901 653 2969 Inferioris
676 2902 858 2986 legionibus
873 2904 1056 2972 Domitiano
1079 2905 1176 2972 fidem
1199 2915 1368 2992 servasset,
1391 2920 1424 2975 et

272 3006 344 3089 ipsu
378 3003 624 3072 honorilicorum
657 3006 881 3089 cognominum
916 3006 1017 3082 „Piae
1046 3006 1169 3075 Fidelis
1198 3008 1423 3076 Domitianae“

271 3109 433 3193 particeps
456 3107 541 3174 facta
564 3113 629 3189 est,
660 3113 694 3173 ut
716 3110 749 3173 in
771 3109 863 3174 titulo
886 3110 923 3173 L.
946 3109 1046 3192 Magii
1070 3110 1169 3176 Dubii
1192 3112 1260 3177 iure
1283 3114 1421 3196 legatur:

272 3213 379 3296 „legio
402 3211 426 3275 I.
451 3208 567 3274 Flavia
588 3208 747 3274 Mineruia
770 3210 828 3275 Pia
850 3208 973 3277 Fidelis
996 3212 1182 3279 Domitiana
1190 3217 1213 3296 “,
1242 3217 1324 3282 mira
1346 3238 1422 3301 qua·

272 3312 346 3379 dam
376 3311 548 3394 insignium
578 3308 683 3376 laudis
707 3313 922 3379 cumulatione
951 3332 1011 3380 nec
1033 3319 1138 3380 tamen
1161 3316 1207 3380 ita
1229 3317 1353 3386 difficili
1377 3321 1421 3386 in·

271 3416 409 3482 telleetn.

358 3517 436 3583 Post
463 3521 597 3583 mortem
621 3517 798 3583 Domitiani
827 3537 898 3583 cum
922 3525 1085 3585 senatores
1114 3520 1200 3586 male
1222 3526 1368 3604 oppressi
1390 3533 1423 3593 et

272 3621 346 3687 odio
369 3618 600 3702 iracundiaque
622 3620 743 3686 incensi
761 3619 869 3684 omnia
890 3620 966 3702 fere,
990 3639 1073 3703 quae
1088 3621 1157 3688 sive
1172 3622 1214 3688 ab
1229 3624 1421 3709 imperatore

358 3792 381 3853 l)
399 3786 562 3854 Ritterlingii
579 3785 668 3841 verbis
686 3789 758 3842 utor.

357 3876 381 3939 2)
399 3874 430 3926 ln
449 3871 603 3928 memoriam
620 3871 692 3926 enlm
708 3876 818 3927 revocat
834 3871 964 3939 legionem
982 3870 1018 3926 11.
1039 3870 1196 3939 libionem,
1213 3875 1235 3930 1.
1249 3875 1421 3932 Macrianum

270 3964 297 4026 (a
315 3958 408 4016 clodio
427 3959 521 4012 Macro
544 3972 615 4012 anno
635 3960 727 4022 Stilus
746 3957 772 4010 in
791 3955 884 4010 Africa
908 3956 1106 4022 constitutam),
1130 3958 1260 4027 legionem
1277 3960 1337 4016 vll.
1359 3961 1420 4016 Gal·

269 4045 388 4110 bianum,
406 4043 476 4098 ulam
494 4044 514 4097 l.
528 4043 648 4098 Darden.
675 4041 879 4112 Vespasianum.
