3170 4742
277 254 318 312 56
757 250 822 305 Otto
840 249 969 316 Schilling
1065 290 1071 301 .

278 425 383 494 cundo
399 424 529 492 saeculo
544 421 715 505 legionarii
730 421 925 489 Germaniae
940 420 1105 487 Inferioris
1119 418 1252 485 aliunde
1267 419 1437 485 materiem

281 527 438 596 aediliciis
469 524 630 592 struendis
661 524 811 591 idoneam
840 524 960 608 petisse
987 522 1155 604 videntur;
1184 542 1259 587 nam
1282 541 1322 588 nc
1343 522 1436 586 mini·

281 651 368 697 mum
389 628 521 711 quidem
543 627 681 710 legionis
696 626 793 692 XXX
808 626 944 710 ·V·V·,
967 644 1050 708 quae
1075 623 1161 690 haud
1183 623 1229 689 ita
1250 623 1359 690 multis
1383 644 1438 689 an·

280 735 330 799 nis
353 737 526 814 postquam
547 729 657 796 titulus
680 729 735 794 ille
758 727 945 794 Brohlensis
969 733 1118 793 exaratus
1142 732 1226 810 erat,
1249 727 1282 790 in
1304 727 1439 793 Germa·

280 835 368 900 niam
384 852 455 899 sese
472 831 614 914 contulit,
637 831 809 914 vestigium
825 831 881 896 illo
897 830 969 895 loco
985 833 1146 913 repertum
1163 835 1221 911 est,
1244 848 1441 912 quamquam

281 942 379 1003 antea
405 935 546 1002 omnium
569 933 762 1000 Germaniae
784 932 947 999 Inferioris
976 933 1140 1016 legionum
1168 931 1357 998 vexillarios
1380 930 1441 995 ibi·

283 1037 357 1104 dem
380 1043 525 1104 versatos
549 1055 620 1103 esse
643 1055 684 1102 cx
706 1036 808 1101 titulis
831 1054 862 1117 p.
879 1040 898 1101 9
914 1053 961 1117 sq.
985 1034 1125 1101 laudatis
1148 1034 1351 1101 manifestum
1374 1031 1441 1098 fiat.

590 1308 625 1372 B.
671 1307 865 1389 Legionis
891 1304 1127 1373 XXXV-V·

371 1459 507 1542 Legioni
527 1459 579 1524 Vl.
596 1459 727 1525 Victrici
750 1459 782 1522 in
798 1459 999 1524 Britanniam
1022 1457 1196 1524 translatae
1217 1457 1251 1522 in
1272 1459 1446 1542 provincia
1577 1535 1578 1542 χ

283 1568 316 1628 et
338 1562 371 1626 in
392 1561 472 1645 ipsis
500 1561 630 1643 castris,
660 1559 732 1626 dico
755 1560 925 1627 Veteribus
938 1561 978 1643 ¹),
1001 1560 1088 1642 legio
1116 1559 1214 1624 XXX
1230 1561 1345 1626 ·V·V·
1373 1582 1444 1628 suc·
1474 1557 1478 1565 '
1577 1553 1578 1560 ’

283 1665 388 1731 cessit.
426 1663 571 1746 Itemque
594 1682 667 1730 cnm
689 1682 747 1746 per
769 1665 899 1730 saecula
921 1683 984 1728 una
1007 1682 1078 1730 cum
1100 1662 1229 1746 legione
1243 1663 1268 1727 Ι.
1285 1663 1447 1731 Minervia

284 1768 317 1831 in
340 1764 514 1832 Germania
542 1764 697 1830 Inferiore
725 1764 911 1848 tetenderit,
942 1785 998 1849 ea,
1028 1785 1111 1847 quae
1143 1763 1184 1830 de
1213 1765 1300 1831 illius
1329 1767 1445 1833 castris

286 1867 540 1948 stationibusque
556 1866 684 1932 omnino
700 1866 944 1949 explicavimus,
964 1867 1062 1931 etiam
1078 1865 1119 1931 de
1136 1865 1196 1932 hac
1211 1866 1340 1949 legione
1356 1867 1447 1934 dicta

286 1975 368 2046 sunt,
391 1969 513 2034 utiam
535 1969 700 2050 stationes,
724 1967 840 2049 quibus
863 1973 971 2049 partes
993 1967 1130 2050 legionis
1153 1968 1322 2052 impositae
1344 1971 1445 2038 fuisse

286 2071 357 2138 veri
375 2070 481 2138 simile
497 2076 555 2151 est,
579 2089 809 2136 enumeremus.
839 2068 923 2135 Nam
939 2068 979 2135 de
996 2071 1108 2137 castris
1124 2070 1293 2137 Veteribus
1308 2079 1446 2155 taceam,

289 2193 484 2258 quamquam
507 2171 615 2240 adhuc
636 2173 794 2240 acerrima
815 2172 857 2238 de
879 2171 930 2238 his
958 2173 1040 2238 inter
1068 2174 1155 2240 viros
1178 2173 1290 2241 doctos
1312 2175 1353 2242 lis
1375 2176 1446 2241 fuit.

289 2276 354 2342 Sed
390 2275 588 2342 Schmidtius
598 2277 624 2351 ²)
657 2276 812 2359 neglectis
846 2275 975 2341 illorum
1007 2276 1251 2343 ariolationibus
1285 2298 1343 2344 suo
1376 2278 1448 2341 iure

288 2377 478 2461 scriptorum
510 2377 726 2460 narrationes,
753 2384 959 2444 monumenta
988 2385 1129 2462 reperta,
1159 2379 1312 2461 reliquias
1334 2377 1446 2444 aedili-

290 2481 411 2548 ciorum
440 2480 630 2561 viarumque
657 2479 765 2545 adhuc
792 2485 956 2545 exstantes
984 2481 1031 2544 ita
1060 2481 1274 2562 examinavit,
1303 2485 1338 2543 ut
1365 2478 1448 2544 mihi

291 2582 423 2667 quidem
444 2601 633 2665 persuasum
657 2581 698 2646 sit
720 2586 825 2646 castra
847 2586 880 2646 et
902 2582 1038 2664 Augusti
1063 2587 1094 2646 et
1116 2581 1247 2646 Traiani
1270 2581 1302 2643 in
1325 2584 1446 2655 monte,

291 2688 346 2768 qui
368 2703 452 2750 nunc
467 2682 584 2748 dicitur
598 2681 868 2763 „dorstenbcrg“,
892 2683 1049 2748 collocata
1070 2682 1178 2763 inisse,
1202 2680 1266 2762 qui,
1291 2680 1319 2745 si
1334 2678 1447 2744 indea

291 2788 405 2852 Bonna
426 2783 573 2848 Rhenum
595 2780 729 2846 fluvium
752 2783 907 2863 sequeris,
930 2783 1051 2863 primus
1074 2783 1166 2864 isque
1190 2782 1267 2849 satis
1291 2783 1324 2846 in
1346 2784 1448 2847 altum

291 2887 395 2954 editus
419 2890 467 2951 eet
489 2883 597 2966 collis,
628 2883 684 2966 qui
707 2882 750 2948 ad
778 2882 1016 2967 aggrediendos
1047 2903 1151 2967 aeque
1180 2890 1213 2950 et
1234 2883 1448 2966 repulsandoe

291 2989 399 3056 hostes
423 3007 517 3070 quam
540 2985 681 3052 maxime
704 2991 772 3052 erat
793 2987 939 3052 idoneus.

377 3089 538 3156 Stationes
567 3094 736 3170 praeterea
762 3089 899 3171 legionis
928 3088 1026 3154 fuisse
1056 3087 1232 3171 permultas
1261 3106 1303 3152 ex
1332 3087 1449 3172 tegulis

293 3194 460 3274 titulisque
476 3190 710 3272 sepulcralibus
734 3190 986 3256 luculentissime
1001 3195 1145 3274 apparet.
1190 3189 1231 3253 Et
1253 3189 1450 3272 quodsnpra

295 3298 359 3362 iam
381 3291 549 3360 statuimus
578 3293 620 3375 (p.
645 3295 698 3368 44)
726 3312 790 3358 non
812 3292 915 3360 solnm
938 3293 1002 3358 illis
1024 3292 1104 3358 locis
1135 3291 1272 3356 militnm
1302 3311 1448 3375 operum-

294 3417 356 3481 que
384 3399 590 3460 monnmenta
612 3400 756 3479 exstare,
787 3415 870 3479 quae
892 3395 985 3461 alteri
1014 3394 1135 3477 legioni
1160 3400 1193 3459 ut
1217 3393 1450 3460 custodirentur

381 3581 405 3643 1)
425 3576 520 3632 Testes
539 3578 603 3631 sunt
620 3591 682 3631 cum
703 3575 875 3630 Ptolemaeus
894 3575 939 3639 (ΙΙ.
958 3578 982 3640 0,
1000 3579 1041 3641 15)
1058 3579 1115 3629 tum
1133 3575 1240 3643 tegulae
1257 3575 1382 3644 titulique
1399 3576 1451 3632 Ve

294 3665 397 3722 teribus
409 3666 546 3718 exstantes
558 3660 600 3715 hi:
619 3661 728 3715 Bramb.
744 3666 786 3716 151
804 3665 841 3727 (ιι.
856 3664 928 3729 1201(
947 3659 1057 3716 Bramb.
1071 3665 1120 3715 220
1134 3667 1170 3727 (ιι.
1189 3664 1258 3728 129);
1277 3660 1386 3716 Bramb.
1401 3666 1449 3717 211

295 3757 331 3818 (ιι.
352 3753 422 3817 134);
442 3747 674 3811 ammomum.
695 3750 767 3816 139);
785 3748 895 3802 Bramb.
917 3750 964 3801 149
982 3750 1019 3809 (ιι.
1039 3750 1110 3814 140);
1131 3746 1238 3800 Bramb.
1258 3749 1306 3799 145
1325 3754 1362 3812 (ιι.
1376 3750 1451 3815 141);

296 3833 404 3891 Bramb.
420 3836 467 3886 110
480 3835 518 3898 (ιι.
533 3834 605 3900 142);
625 3830 732 3887 Bramb.
746 3837 794 3888 201
810 3837 847 3901 (ιι.
863 3834 934 3900 113);
953 3831 1061 3885 Bramb.
1076 3835 1124 3886 219
1137 3835 1173 3898 (ιι.
1188 3835 1261 3898 115);
1280 3831 1388 3886 Bramb.
1402 3834 1451 3885 211

296 3925 333 3986 (ιι.
352 3921 423 3984 1410(
443 3916 551 3971 Bramb.
571 3919 620 3970 208
640 3918 676 3981 (ιι.
698 3919 767 3986 149);
787 3916 896 3972 Bramb.
915 3919 966 3970 204
983 3919 1020 3980 (ιι.
1041 3920 1108 3982 tos).

382 4005 407 4070 2)
424 4001 456 4056 Β.
474 4000 500 4056 J.
519 4003 561 4070 31,
575 4005 671 4070 Sdaqq.
