3188 4740
240 247 280 306 62
723 246 786 302 0116
804 245 933 313 Schilling

239 439 328 487 seam
351 419 480 503 legione
495 422 562 487 iam
585 419 739 503 profecta,
762 419 797 485 id
819 418 906 502 quod
929 437 1158 502 saepenumero
1180 419 1302 484 iactum
1327 437 1399 486 esse

241 523 358 589 scimus
371 525 408 607 ¹),
441 524 596 589 barbaros
630 522 708 588 belli
737 521 963 606 cupidissimos
992 540 1098 604 neque
1130 520 1316 603 ignorantes
1346 540 1397 586 co-

241 625 322 707 pias,
346 643 429 708 qnae
444 624 550 691 Rheni
566 625 731 691 transitum
749 623 954 706 custodirent,
970 623 1154 690 imminutas
1170 642 1251 705 esse,
1274 623 1398 707 impetn

241 727 347 793 subito
368 728 454 794 facto
476 728 677 811 provintiam
700 726 905 794 Germaniam
927 727 1116 793 vastavisse.

326 829 416 896 Haec
431 830 458 895 si
474 830 689 912 statuerimus,
712 849 776 895 non
792 827 873 894 nihil
887 828 1101 912 proficiemus.
1145 827 1289 893 Primum
1313 829 1397 894 enim

241 931 476 998 demonstratur
490 931 621 1013 Ligorio
643 929 741 997 fidem
763 930 826 997 hac
846 931 929 998 inre
945 949 1017 997 esse
1040 929 1231 1012 habendam,
1254 937 1290 996 ut
1311 939 1397 997 recte

241 1032 399 1100 censuerit
418 1033 643 1100 Mommsenus.
686 1034 814 1100 Deinde
837 1032 983 1116 efficitur,
1006 1038 1041 1098 ut
1063 1033 1273 1098 barbarorum
1295 1034 1397 1099 incur

241 1135 304 1217 sio,
331 1153 428 1216 quam
450 1154 492 1201 ex
515 1136 652 1202 nummis
675 1135 740 1202 illis
763 1135 796 1201 in
818 1135 952 1218 Belgica
972 1134 1139 1219 provincia
1160 1135 1298 1217 repertis
1320 1136 1398 1202 satis

241 1243 327 1302 certe
350 1236 482 1302 definire
506 1257 569 1302 non
592 1237 763 1321 potuimus,
787 1243 874 1304 certo
896 1258 980 1303 anno
1003 1237 1203 1303 attribuatur.

327 1339 410 1404 Tum
433 1345 541 1405 autem
564 1341 669 1405 elucet
694 1340 854 1421 legionem
877 1339 995 1404 XXX·
1011 1339 1039 1404 V
1056 1371 1062 1384 ·
1078 1339 1136 1421 V·,
1166 1358 1249 1421 quae
1272 1341 1345 1406 sola
1365 1341 1399 1406 in

242 1439 414 1506 Germania
435 1441 591 1506 Inferiore
619 1446 832 1523 remanserat,
863 1440 1055 1522 gravissima
1084 1439 1245 1523 quaedam
1273 1443 1399 1525 proelia

241 1561 313 1606 cum
337 1541 505 1607 Germanis
528 1561 612 1607 anno
635 1540 771 1621 9161162
795 1542 1003 1608 commisisse.

327 1639 420 1718 Quod
443 1643 563 1709 Fronto
586 1644 710 1726 legatus
739 1643 922 1728 appellatur
949 1643 1087 1726 legionis
1115 1644 1141 1708 1.
1165 1643 1344 1711 Minerviae
1365 1645 1399 1711 in

241 1765 315 1830 exp.
339 1745 447 1812 Parth.
472 1743 684 1824 deducendae,
711 1747 783 1830 ipso
812 1747 904 1812 titulo
927 1746 1049 1812 urbano
1071 1745 1194 1828 Ligorii
1221 1747 1321 1814 facile
1344 1767 1399 1814 ex·

240 1848 388 1929 plicatur.
432 1848 564 1930 Nappio
588 1849 673 1913 enim
696 1867 826 1930 prorsus
848 1848 1014 1931 assentior,
1038 1848 1148 1930 quiin
1171 1847 1399 1917 dissertatione

240 1947 303 2022 ,de
328 1949 423 2014 rebus
445 1949 558 2033 imper.
582 1948 624 2012 M.
647 1949 778 2014 Aurelio
794 1949 956 2015 Antonino
978 1951 1012 2014 in
1035 1950 1158 2016 oriente
1180 1952 1301 2033 gestis“
1325 1972 1400 2018 con·

242 2050 362 2133 scripta
389 2052 432 2134 (p.
464 2053 504 2114 69
518 2053 578 2133 sq.)
612 2050 691 2116 dicit
723 2050 917 2117 Frontonem
951 2051 1058 2127 ,bello
1092 2051 1244 2119 Parthico
1276 2055 1400 2136 legioni

240 2152 264 2217 1.
296 2152 488 2235 Minerviae,
521 2159 587 2219 tum
617 2153 731 2220 maiori
762 2153 917 2220 exercitui
948 2172 990 2219 ex
1020 2155 1121 2238 copiis
1150 2155 1335 2237 legionariis
1366 2164 1401 2222 et

240 2255 422 2321 auxiliariis
434 2257 612 2338 composito
629 2257 807 2340 praefuisse
820 2275 956 2339 eumque
972 2255 1201 2322 inArmeniam
1216 2257 1399 2325 610611166-

240 2375 315 2421 nam
338 2361 370 2422 et
391 2354 636 2423 Anthemusiam
659 2356 821 2424 duxisse.¹‘

328 2456 400 2535 Qua
422 2458 453 2522 in
477 2476 512 2522 re
536 2459 655 2540 optime
678 2459 889 2540 intellegitur,
920 2479 1015 2542 quam
1039 2461 1158 2544 exigua
1179 2463 1221 2528 sit
1242 2461 1396 2526 memoria

241 2562 383 2627 omnium
400 2579 516 2643 rerum,
541 2580 624 2641 quae
647 2561 722 2627 inde
738 2582 758 2626 6
774 2563 903 2628 6666616
923 2563 1065 2628 secundo
1087 2564 1129 2629 ab
1151 2562 1391 2647 imperatoribus

240 2668 352 2744 gestae
374 2668 462 2743 sunt,
494 2682 569 2726 nam
591 2681 695 2743 neque
725 2657 765 2728 de
789 2663 1020 2728 Germanorum
1049 2664 1107 2731 illa
1128 2666 1296 2731 invasione
1317 2663 1396 2729 certi

241 2761 417 2847 quidquam
447 2763 685 2843 accepissemus
715 2781 820 2844 neque
842 2782 862 2828 a
883 2763 988 2828 Rheni
1011 2766 1089 2847 ripis
1111 2773 1212 2833 totam
1234 2767 1397 2848 legionem

240 2865 273 2928 in
290 2863 410 2928 bellum
426 2861 611 2929 Parthicum
626 2863 771 2930 subsidio
788 2883 858 2930 esse
879 2864 1010 2931 missam
1034 2870 1310 2954 comperissemus,
1334 2868 1399 2933 nisi

239 2965 384 3050 lapidem
407 2968 564 3033 urbanum
586 2973 747 3033 servasset
768 2967 926 3049 Ligorius.

326 3067 464 3147 Quando
488 3070 521 3134 in
537 3069 742 3135 Germaniam
762 3068 894 3134 redierit
915 3071 1002 3152 legio
1025 3072 1049 3137 1.
1073 3072 1231 3139 Mineruia
1252 3073 1314 3138 etsi
1337 3092 1398 3155 pro

240 3177 327 3236 certo
357 3170 570 3236 demonstrari
597 3171 724 3251 nequit,
753 3175 860 3235 tamen
883 3171 968 3237 bello
991 3171 1141 3239 Parthico
1171 3173 1299 3239 demum
1323 3193 1398 3240 oon·

239 3274 324 3338 fecto
340 3293 410 3338 eam
426 3272 592 3337 remissam
609 3289 680 3336 esse
696 3271 842 3337 conicere
857 3273 943 3338 licet.
977 3273 1061 3338 Nam
1078 3275 1178 3340 161166
1194 3275 1399 3361 Capitolinus

240 3379 282 3452 (v.
291 3375 390 3439 Marci
399 3393 467 3457 cap.
479 3377 527 3458 12,
539 3377 588 3452 13)
597 3374 688 3440 dicit:
701 3375 806 3450 ,Dum
815 3373 999 3441 Parthicum
1010 3376 1129 3442 bellum
1143 3378 1273 3462 geritur,
1285 3383 1399 3444 natum

241 3482 289 3542 est
300 3476 602 3554 Marcomannicum,
619 3475 705 3557 quod
717 3475 773 3541 diu
785 3495 893 3542 eorum
906 3477 961 3558 qui
973 3475 1108 3544 aderant
1122 3484 1191 3544 arte
1206 3498 1400 3562 suspensum

240 3585 298 3662 est,
311 3585 346 3644 ut
356 3577 445 3644 finito
457 3579 521 3642 iam
535 3578 682 3642 orientali
694 3577 780 3642 hello
792 3577 1084 3644 Marcomannicum
1094 3582 1149 3662 agi
1159 3585 1301 3664 posset.“
1330 3579 1400 3645 An·

238 3701 281 3746 no
297 3682 394 3764 igitur
410 3680 546 3758 9201166
562 3679 721 3758 legionem
738 3679 762 3743 I.
779 3679 854 3744 Min.
872 3680 1050 3746 exoriente
1072 3681 1194 3748 redisse
1217 3700 1399 3748 censemus.

326 3783 412 3860 Quid
443 3781 560 3848 deinde
595 3779 738 3861 legiones
768 3779 961 3846 Germaniae
990 3781 1153 3850 Inferioris
1181 3789 1287 3849 aetate
1317 3784 1403 3850 belli

240 3884 487 3952 Marcomannici
503 3881 669 3966 gesserint,
685 3880 718 3944 in
733 3882 841 3948 medio
857 3882 1102 3965 relinquendum
1117 3890 1173 3951 est.
1206 3883 1272 3950 Sed
1288 3890 1403 3954 tamen

326 4024 350 4084 l)
365 4016 400 4072 ci.
413 4015 484 4070 inira
495 4033 523 4084 p.
538 4019 579 4069 72.
