3170 4742
220 363 222 367 Ι
283 293 325 348 De
342 292 490 360 legionibus
508 291 692 347 Romanorum
709 291 731 345 1.
750 290 881 345 Minervio
900 295 926 344 et
943 289 1028 344 XXX
1048 289 1137 358 Ulpia.
1248 289 1286 348 31

608 633 752 701 CAPUT
775 635 815 698 ΙΙ.

210 771 270 849 Ile
297 774 440 870 creptae
469 775 506 844 ct
529 769 729 846 5555551555
756 770 909 868 legionis
935 766 1040 846 XXX.
1072 767 1210 870 Ulpiae.

427 964 495 1034 51.
541 958 597 1025 De
620 957 782 1040 origine
804 957 995 1041 legionis.

223 1097 285 1165 Ubi
311 1098 447 1180 primum
469 1096 600 1162 Nervae
628 1095 814 1178 imperatori
837 1095 996 1161 Traianus
1025 1079 1195 1179 successit,
1226 1116 1289 1181 quo

136 1207 205 1267 erat
220 1200 349 1282 ingenio
365 1204 397 1264 et
412 1198 557 1280 consilio,
585 1197 703 1263 bellum
726 1197 927 1280 potissimum
944 1217 1014 1264 cum
1030 1198 1196 1265 Decebalo
1211 1217 1289 1282 rege

135 1302 308 1386 gerendum
326 1302 463 1384 paravit,
480 1299 566 1383 quod
582 1305 614 1366 et
628 1299 842 1365 necessarium
860 1307 892 1364 et
908 1298 1040 1366 difficile
1055 1301 1202 1367 coniectu
1218 1320 1289 1368 esse

134 1404 221 1470 haud
233 1404 431 1487 ignoravit¹l
457 1405 563 1486 Atque
576 1421 647 1468 cum
660 1401 793 1468 duarum
805 1401 931 1467 illarum
945 1403 1118 1485 legionum,
1136 1423 1214 1486 quas
1230 1405 1290 1470 sub

134 1508 319 1574 Domitiano
342 1506 429 1572 bello
445 1505 569 1571 deletas
585 1523 655 1571 esse
671 1524 701 1587 p.
719 1506 756 1567 21
783 1504 1082 1587 demonstravimus,
1105 1507 1289 1572 515555155-

134 1617 210 1690 tum,
227 1609 390 1676 551115551.
405 1607 573 1689 Mineruia,
590 1608 739 1690 suppleta
755 1613 849 1696 esset,
868 1626 965 1673 causa
980 1608 1116 1690 legionis
1132 1608 1290 1674 creandae

135 1714 165 1778 ei
181 1711 295 1778 aderat
310 1710 510 1793 gravissima.
535 1743 575 1753 -
591 1706 729 1774 Obviam
748 1713 855 1773 autem
871 1707 949 1772 fiunt
964 1708 1040 1774 inde
1055 1730 1075 1773 a
1090 1711 1221 1775 Traiani
1236 1729 1288 1776 ae·

134 1821 201 1880 tate
224 1813 307 1879 duae
330 1812 485 1894 legiones,
509 1829 592 1893 quae
607 1810 649 1875 ab
665 1810 720 1876 illo
742 1809 934 1893 imperatore
957 1811 1153 1893 conscriptas
1168 1831 1204 1878 se
1219 1831 1290 1879 esse

135 1916 379 2000 cognominibus
403 1920 572 1995 testentur,
599 1913 685 1996 legio
708 1913 748 1977 11.
773 1913 913 1978 Traiana
936 1918 968 1979 et
989 1913 1094 1980 XXX.
1118 1915 1225 1998 Ulpia.
1249 1951 1289 1963 ·-

219 2020 396 2102 Legionem
416 2017 456 2082 II.
473 2016 646 2081 Troianam
662 2036 683 2080 a
698 2016 839 2082 'l’raiano
854 2015 975 2082 Arabia
997 2036 1080 2082 anno
1105 2017 1289 2097 8591111515

134 2123 321 2206 provinciae
344 2121 479 2185 formam
508 2118 640 2185 redacta
663 2117 823 2184 conditam
847 2137 918 2184 esse
941 2119 1005 2184 iam
1029 2140 1059 2202 p.
1086 2123 1125 2182 17
1149 2119 1290 2187 diximus

136 2227 316 2306 scimusque
338 2222 414 2288 ideo
437 2220 654 2297 „secundam“
684 2240 754 2286 eam
778 2239 849 2286 esse
871 2221 1084 2303 nominatam,
1116 2221 1289 2305 quodiam

138 2334 233 2392 antea
254 2326 295 2390 ab
318 2345 356 2390 eo
378 2325 444 2390 alia
466 2324 552 2406 legio
575 2329 684 2388 creata
706 2324 812 2395 erat.²)
857 2323 969 2388 Altera
990 2323 1103 2405 igitur,
1128 2343 1224 2406 quam
1246 2325 1288 2391 ab

139 2427 252 2495 codem
268 2427 460 2510 imperatore
476 2426 680 2493 constitutam
697 2443 767 2490 esse
782 2423 987 2490 manifestum
1004 2430 1061 2509 est,
1077 2425 1163 2510 legio
1178 2426 1284 2490 XXX.

136 2530 250 2614 Ulpia,
280 2535 353 2595 ante
375 2548 492 2594 annum
516 2527 652 2607 8591195
675 2525 805 2592 condita
827 2532 885 2592 est.
931 2527 1045 2608 Itaque
1068 2528 1095 2592 si
1118 2528 1289 2593 artioribus

135 2632 300 2699 studemus
324 2628 574 2698 circumcludere
597 2629 740 2696 terminis
763 2648 897 2713 annum,
929 2648 991 2711 quo
1014 2629 1194 2713 conscripta
1217 2648 1288 2696 esse

135 2733 278 2819 putanda
293 2735 344 2818 sit,
368 2733 445 2800 certi
463 2733 556 2799 nobis
578 2730 657 2798 fines
681 2730 855 2797 offeruntur
871 2731 945 2796 anni
964 2731 1079 2811 852198
1095 2731 1288 2811 closellos.

221 2835 287 2902 Sed
304 2842 339 2900 ut
353 2836 442 2896 initio
466 2834 593 2918 imperii
616 2835 665 2900 sui
681 2834 854 2899 Traianum
876 2835 1038 2916 legionem
1061 2835 1289 2919 conscripsisse

136 2937 322 3017 credamus,
345 2936 407 3001 bac
428 2937 495 3002 fere
518 2937 755 3017 computatione
777 2955 1033 3003 commovemur:
1056 2937 1180 3003 Plinius
1204 2939 1288 3004 enim

135 3038 169 3102 in
192 3036 400 3120 panegyrico,
423 3055 517 3118 quem
540 3036 653 3101 babuit
674 3056 757 3101 anno
780 3038 927 3120 8541100,
951 3044 986 3103 55
1008 3039 1146 3123 principi
1169 3039 1288 3122 gratias

136 3145 265 3224 ageret,
296 3137 469 3203 'fruianum
492 3138 583 3204 annis
607 3136 721 3217 852198
745 3144 777 3204 et
800 3139 915 3220 853199
940 3138 1049 3208 hostes
1072 3147 1158 3206 trans
1180 3141 1287 3206 Danu-

225 3290 249 3354 1)
266 3286 352 3342 Recte
364 3287 434 3342 enim
447 3286 595 3342 Schillerus
608 3287 625 3340 l.
638 3288 655 3342 l.
669 3303 695 3356 p.
706 3293 769 3344 548:
785 3289 843 3351 „Da
854 3290 909 3344 ihm
922 3294 969 3357 (sc.
984 3290 1112 3357 Traiano)
1123 3289 1192 3345 wohl
1204 3289 1289 3345 55555

136 3373 238 3429 555515
261 3373 376 3441 18511971
400 3373 444 3428 die
468 3372 686 3441 Notwendigkeit
710 3373 757 3429 des
779 3374 931 3430 Daciscben
956 3375 1068 3444 lirieges
1090 3376 1151 3430 klar
1172 3389 1239 3441 war,
1257 3391 1288 3431 so

135 3463 256 3516 mussten
274 3461 435 3528 uenigstens
453 3459 512 3514 hier
529 3459 567 3526 (in
580 3459 679 3525 Germ.)
698 3460 905 3530 einigermassen
925 3462 1029 3517 sichero
1040 3462 1178 3518 Zustande
1195 3462 1288 3530 herge-

136 3546 209 3601 stellt
225 3545 342 3602 werden.
379 3545 614 3601 Wahrscbeinlich
633 3545 724 3601 surde
745 3545 814 3616 J'etzt
831 3547 879 3602 der
897 3546 976 3602 Piahl
993 3562 1049 3602 von
1066 3547 1143 3602 Main
1160 3546 1216 3601 und
1233 3546 1288 3601 Ne·

137 3632 203 3686 ckar
227 3631 269 3687 bis
287 3646 336 3686 ans
355 3631 545 3688 Schwbbische
563 3631 696 3700 angelegt,
715 3632 808 3688 Baden
831 3633 887 3689 und
905 3631 1289 3702 Ladenburg'(Lupodunum)

135 3716 298 3786 gegrttndet;
323 3717 389 3772 aber
409 3717 480 3772 5555
505 3733 547 3771 55
571 3717 747 3774 Niederrbein
770 3718 881 3773 wurden
904 3718 1030 3773 strassen
1052 3717 1151 3785 gebaut
1175 3716 1229 3770 und
1251 3729 1288 3770 55

135 3800 219 3856 Stelle
236 3816 289 3856 von
307 3801 406 3857 Vetera
420 3803 491 3871 jetzt
509 3803 606 3857 Castra
623 3802 741 3856 Traiana
758 3802 885 3869 (Xanten)
904 3803 1054 3870 angelegt.“

225 3891 250 3952 t)
267 3886 346 3942 Hanc
365 3888 434 3942 enim
446 3888 579 3943 rationem
597 3889 773 3957 imperatores
785 3888 865 3942 ctiam
883 3888 912 3942 iu
924 3889 975 3944 alis
988 3886 1183 3943 constituendis
1201 3886 1287 3942 secuti

136 3977 207 4040 sunt,
221 3988 274 4042 quo
287 3972 369 4028 facile
381 3973 541 4043 explicatur,
552 3987 600 4028 cur
613 3977 655 4028 tot
666 3973 783 4042 legiones
798 3977 825 4027 et
835 3973 896 4028 alae
911 3974 1043 4042 „primae“
1058 3973 1212 4028 nominatae
1224 3973 1287 4028 sint.

139 4089 168 4097 -
188 4061 267 4113 Anno
286 4059 367 4126 igitur
385 4057 495 4128 8591155
514 4057 648 4114 Traianus
667 4057 762 4114 habuit
779 4058 897 4127 legiones
915 4059 1025 4127 triginta
1043 4065 1069 4113 et
1087 4073 1175 4118 uuam.
