3188 4740
335 257 377 310 De
394 256 546 325 legionibus
564 256 748 311 Romanorum
766 255 788 309 Ι.
807 255 938 311 Mineruia
956 261 982 311 et
999 257 1085 313 XXX.
1105 258 1192 326 Ulpia.
1297 259 1336 317 71

185 432 317 510 vienne,
342 436 372 494 et
400 430 432 494 la
460 429 677 513 quatorzieme
705 429 853 510 gemines
876 430 1017 495 tenaieut
1038 433 1124 496 alors
1146 431 1339 513 garnisona

183 532 307 614 Lyon“.
329 567 372 575 —
394 531 488 608 Quod
511 533 650 596 maxime
679 538 850 614 propterea
874 530 990 596 falsum
1016 544 1072 614 est,
1096 533 1182 614 quod
1205 534 1238 596 in
1260 532 1339 598 Ger·

183 635 290 698 mania
305 633 460 698 Inferiore
483 633 609 715 lapides
625 633 744 715 reperti
760 637 842 712 sunt,
865 633 981 715 quibus
998 633 1231 700 demonstratur
1246 636 1338 700 annis

184 735 317 812 955f201
336 736 366 816 ¹),
391 725 573 814 consuunt),
598 734 780 815 95912053),
804 733 976 812 96412104)
999 737 1159 818 legionem
1181 736 1205 800 I.
1222 736 1338 802 Miner-

182 838 270 902 viam
296 841 369 901 non
392 837 495 901 solum
518 837 647 901 Bonnae
675 835 868 918 tetendisse,
899 837 957 903 sed
986 839 1081 903 etiam
1112 839 1338 905 vexillationes

182 939 226 1003 ad
242 939 313 1003 vias
328 938 541 1003 restituendas
563 938 702 1013 (Bramb.
718 941 737 1000 2
754 941 795 1014 (ιι.
814 938 898 1016 (22))
915 945 948 1004 ct
963 940 1117 1005 calcarias
1141 940 1338 1007 exercendas

183 1041 325 1117 (Bramb.
350 1042 411 1102 520
435 1039 583 1120 (n.11a))
607 1040 784 1104 demisisse.

270 1143 340 1208 Hoc
362 1141 457 1224 igitur
480 1161 576 1206 unum
601 1161 642 1206 ex
666 1140 864 1224 Philippiani
894 1142 987 1206 titulo
1015 1143 1216 1222 cognoscitur
1239 1143 1338 1224 legio·

183 1264 259 1310 num
283 1245 306 1308 Ι.
323 1244 499 1310 Minerviae
519 1250 551 1308 et
566 1243 654 1308 XIII.
672 1242 828 1308 Geminae
851 1245 946 1326 (quae
968 1243 1043 1306 inde
1066 1264 1086 1306 a
1111 1244 1229 1308 Dacico
1253 1245 1338 1310 bello

184 1348 316 1412 Traiani
344 1348 378 1410 in
401 1345 568 1410 Pannonia
590 1347 701 1428 utique
729 1344 909 1420 tetendit⁵))
937 1346 1077 1426 legatum
1109 1346 1197 1408 illum
1228 1346 1338 1424 fuisse,
1393 1427 1397 1434 ι

182 1450 370 1531 priusquam
393 1448 579 1530 provinciae
603 1447 825 1528 Lugdunensis
848 1447 974 1530 legatus
997 1447 1100 1512 factus
1123 1449 1173 1512 sit.

270 1549 429 1626 Quamdiu
462 1550 608 1632 legiones
642 1549 853 1615 Germanicae
887 1551 1114 1615 vexillationcs
1149 1551 1180 1613 in
1214 1549 1338 1636 Gallias

187 1652 346 1732 miserint,
376 1672 434 1735 pro
458 1657 544 1716 certo
575 1649 639 1715 dici
662 1671 726 1716 non
754 1657 869 1733 potest.
915 1650 980 1714 Sed
1004 1670 1075 1715 cum
1098 1652 1263 1732 usquead
1286 1672 1338 1716 ae·

185 1758 282 1818 tatem
306 1753 418 1819 Severi
439 1753 618 1818 Alexandri
641 1760 763 1836 partem
788 1759 873 1818 certe
896 1751 1033 1834 legionis
1057 1752 1260 1815 XXX-XV·
1279 1754 1337 1817 sub

184 1857 367 1921 centurione
388 1856 538 1938 Lugduni
568 1862 797 1921 commoratam
822 1873 892 1920 esse
917 1874 934 1920 e
957 1855 1050 1919 titulo
1073 1855 1177 1928 ,Bull
1202 1851 1272 1936 ep.“
1297 1853 1337 1917 ll.

186 1959 245 2021 185
267 1961 308 2034 (ιι.
333 1958 405 2038 193)
429 1961 563 2040 eluceat,
587 1967 699 2041 postea
722 1965 829 2024 autem
852 1957 965 2024 cohors
988 1957 1090 2022 XVII.
1115 1957 1338 2039 Lugdunensis

183 2061 215 2123 in
238 2061 445 2142 inscriptione
469 2061 510 2123 ab
535 2059 789 2134 Hirschfeldioll
818 2059 905 2123 edita
934 2059 1209 2140 deprehendatur,
1240 2055 1337 2121 auda-

183 2162 230 2224 cis
247 2162 304 2222 vix
327 2167 376 2222 cst
398 2160 544 2222 conicere
568 2161 728 2222 inlocum
751 2160 991 2222 vexillariorum
1016 2159 1243 2222 Rhenanorum
1268 2176 1339 2220 eam

184 2260 396 2338 successisse,
421 2276 503 2338 quae
519 2259 652 2320 mutatio
669 2257 754 2321 haud
770 2259 836 2322 scio
853 2278 894 2320 an
909 2264 1015 2322 aetate
1031 2258 1144 2323 Severi
1160 2259 1339 2323 Alexandri

184 2359 272 2422 facta
294 2359 344 2439 sit,
371 2359 490 2440 quippe
514 2360 565 2423 oui
587 2364 709 2422 tantum
732 2378 804 2423 cum
828 2358 996 2425 Germanis
1020 2360 1139 2424 bellum
1162 2359 1337 2442 gerendum

185 2466 279 2542 esset,
307 2467 341 2524 ut
363 2460 521 2524 maximas
545 2460 685 2541 undique
708 2461 818 2542 copias
841 2471 980 2540 cogeret.

270 2563 383 2630 Utrum
406 2562 448 2626 ad
472 2562 558 2628 bella
580 2583 600 2628 a
623 2562 780 2646 Septimio
809 2581 879 2626 oum
904 2561 1063 2626 Britannis
1089 2581 1193 2651 eoque
1214 2569 1338 2628 mortuo

183 2685 205 2729 a
220 2664 388 2732 Caracalla
411 2685 482 2731 cum
498 2665 696 2747 Alamannis
720 2663 853 2745 Chattis,
879 2661 1029 2738 Oennisl)
1052 2669 1144 2745 gesta
1165 2663 1337 2746 legionum,

184 2767 363 2851 dequibus
386 2769 507 2850 agitur,
532 2768 758 2834 vexillationcs
784 2767 908 2832 accitae
930 2767 994 2831 sint
1021 2783 1138 2843 necne,
1169 2765 1336 2830 nescimus.

184 2869 278 2933 Certe
312 2876 418 2933 autom
450 2876 573 2934 constat
601 2871 763 2950 legionem
792 2869 890 2932 XXX
906 2900 913 2912 ·
929 2869 976 2931 V·
995 2869 1032 2929 V·
1067 2867 1179 2932 sinon
1208 2869 1338 2950 plenam

184 2970 297 3035 Severi
312 2969 491 3034 Alexandri
514 2970 600 3034 bello
623 2990 695 3034 curn
716 2970 823 3034 Persis
846 2976 937 3050 gesto
960 2969 1152 3048 interfuisse,
1175 2974 1208 3031 at
1232 2975 1337 3032 tamen

271 3157 303 3218 ll*
315 3152 422 3206 Bramb.
436 3155 484 3206 481
499 3155 536 3217 (n.
550 3156 606 3219 29);
626 3150 754 3205 Muciano
773 3158 800 3205 et
817 3150 940 3205 Fabiano
953 3167 1024 3206 coss.
1037 3167 1096 3219 pos.

269 3239 295 3301 2)
314 3237 422 3291 Bramb.
443 3240 640 3304 520(n.11ar;
659 3235 746 3303 Augg.
765 3237 874 3298 (Severo
893 3243 920 3290 ct
939 3237 1087 3301 Antonino)
1105 3251 1174 3290 coss.
1195 3236 1228 3290 cf.
1254 3241 1341 3306 supra

182 3342 208 3392 p.
230 3327 272 3380 65.

269 3411 293 3474 3)
312 3409 422 3462 Bramb.
436 3409 451 3458 2
464 3410 499 3472 (ιι.
517 3407 595 3473 lib);
615 3404 674 3460 Ser.
689 3405 753 3459 Pius
766 3406 838 3460 Pert.
852 3409 922 3474 Aug.
936 3405 1009 3460 Max.
1022 3407 1085 3461 trib.
1099 3413 1153 3476 pot.
1167 3406 1243 3462 XIII.

269 3498 295 3558 4(
314 3495 345 3546 Β.
359 3492 384 3548 J.
398 3495 440 3556 73,
454 3496 486 3544 72
499 3492 534 3556 (ιι.
549 3493 607 3558 41);
626 3491 756 3545 Faustino
775 3496 803 3543 et
821 3490 918 3546 Rufino
938 3506 1007 3546 coss.

269 3582 294 3643 5)
313 3578 346 3630 cl.
357 3576 514 3632 Grotefend.
526 3576 544 3630 l.
558 3576 590 3642 l.;
610 3575 691 3630 Orcll.
706 3581 780 3630 2103.

269 3663 293 3723 f»)
312 3661 497 3716 Hirschfeldin
507 3662 663 3731 „Lyonind
671 3660 942 3728 Kaisernt“,Vindob.
954 3665 1026 3727 rete,
1036 3678 1062 3729 p.
1072 3665 1101 3714 2ῖ
1111 3663 1209 3716 adul:
1221 3663 1251 3716 L.
1261 3663 1337 3718 Fufio

183 3744 318 3812 Equestrc
331 3745 341 3811 (Ι
353 3747 406 3799 mil.
420 3749 479 3800 coh.
492 3747 580 3801 XVII.
595 3748 604 3814 Ι(
616 3746 831 3814 Lugudunieusis
851 3745 885 3798 ad
903 3747 912 3814 Ι(
925 3749 1059 3800 monetam
1072 3748 1081 3813 (Ι
1099 3746 1275 3814 >Ianuarii
1289 3748 1306 3801 l.
1320 3748 1337 3802 i.

183 3830 201 3884 t.
216 3845 243 3898 p.
256 3828 311 3881 Illl
329 3845 350 3883 r.
366 3845 392 3896 p.
405 3829 469 3883 llll.
488 3862 520 3869 -
539 3831 687 3884 Adnotuvit
704 3831 774 3884 idem
792 3831 893 3884 saeculi
911 3831 984 3885 tertii
1002 3831 1123 3884 exeuntis
1142 3845 1201 3884 esse
1219 3830 1336 3884 titulum.

270 3916 295 3978 l)
314 3912 389 3966 Cass.
404 3913 455 3966 Dio
468 3931 510 3981 ep.
522 3915 660 3970 LXXVII.
676 3921 714 3980 14,
732 3921 759 3968 1:
778 3912 936 3986 ἐπολέμησε
954 3918 1002 3971 καὶ
1020 3911 1096 3986 πρός
1113 3934 1192 3980 τινας
1205 3915 1338 3981 Κέννους,

186 3995 324 4056 Κελτικὸν
342 3993 428 4062 ἔθνος
446 4002 505 4053 κτλ.
