3188 4740
321 293 361 349 Da
378 293 528 361 legionibus
547 291 732 348 Romanorum
749 293 770 345 1.
789 292 923 348 Mineruia
941 298 968 347 et
985 292 1071 348 XXX.
1091 293 1182 363 Ulpia.
1309 297 1328 354 5

176 468 316 535 omnium
340 468 568 550 imperatorum
590 467 695 548 ipsum
713 466 929 532 Domitianum
945 465 1122 532 Minervam
1144 466 1239 533 deam
1261 489 1328 535 ma·
1371 503 1373 508 v

175 571 261 636 xime
291 568 442 635 habuisse
471 569 504 633 in
535 567 660 634 deliciis
692 567 780 634 haud
808 569 989 650 ignoramus
1002 570 1040 652 ¹),
1064 570 1183 653 quippo
1213 571 1330 652 quiin

174 672 261 738 illius
283 670 436 738 honorem
455 674 487 736 et
509 669 631 753 templa
653 671 890 735 eonsecraverit
913 675 944 736 et
966 689 1113 736 nummos
1136 674 1329 755 percusserit

173 775 329 858 plurimos
359 779 391 840 et
419 770 514 838 ludos
538 771 776 838 constituendos
807 772 966 838 curaverit
988 770 1217 858 Quinquatria,
1246 794 1329 858 quae

173 896 299 942 summa
309 894 430 959 pompa
446 874 703 956 caerimoniaque
719 874 869 940 sollemni
881 893 953 940 esse
969 875 1132 942 celebrata
1143 880 1241 942 testes
1257 883 1331 942 sunt

174 979 347 1045 Suetonius
359 977 393 1058 ²),
417 975 547 1042 Cassius
571 975 634 1042 Dio
645 976 680 1059 ³),
704 975 825 1042 Statius
836 977 870 1058 4),
895 976 1089 1054 Martiales)

261 1077 333 1156 Quo
348 1097 423 1145 vero
446 1084 593 1160 tempore
615 1097 742 1160 quaque
766 1077 808 1144 de
831 1098 929 1146 causa
944 1078 1146 1146 Domitianus
1168 1079 1330 1162 legionem

174 1182 199 1246 Ι.
216 1181 406 1247 Minervium
422 1181 656 1264 conscripserit,
680 1200 785 1263 neque
802 1180 932 1247 Cassius
949 1181 1011 1247 Dio
1033 1200 1137 1263 neque
1152 1181 1209 1246 alii
1224 1201 1330 1249 rerum

174 1284 347 1366 scriptores
363 1283 494 1362 docent;
516 1302 556 1349 ne
573 1283 658 1352 tituli
673 1283 815 1365 quidem,
830 1303 989 1350 summum
1003 1282 1166 1350 mehercle
1181 1283 1214 1348 in
1230 1284 1330 1350 omni·

174 1388 233 1452 bus
248 1387 449 1469 antiquitatis
472 1385 714 1469 quaestionibus
737 1385 926 1468 subsidium,
950 1385 1011 1452 hac
1033 1386 1066 1450 in
1088 1405 1123 1451 re
1146 1384 1332 1467 indaganda

172 1508 230 1555 nos
252 1489 331 1555 satis
354 1487 524 1571 adiuvant,
555 1509 627 1555 oum
648 1489 745 1571 pauci
771 1493 894 1554 tantum
922 1487 1037 1554 aetatis
1061 1486 1264 1554 Domitianae
1287 1488 1330 1554 ad

173 1591 264 1655 illam
286 1591 446 1670 legionem
468 1590 664 1672 pertinentes
679 1591 798 1673 reperti
813 1591 886 1673 sint,
910 1590 1004 1672 eique
1027 1595 1092 1655 tam
1116 1587 1265 1657 difficiles
1287 1591 1331 1658 ad

175 1689 448 1772 interpretandum
461 1693 496 1772 θ),
518 1697 554 1754 nt
567 1711 631 1756 non
649 1690 764 1770 desint,
788 1692 842 1771 qui
865 1709 906 1755 ne
929 1710 1026 1755 unum
1049 1689 1180 1772 quidem
1203 1698 1331 1759 exstare

173 1791 405 1867 arbitrentur.'¹)

258 1893 371 1974 Itaque
387 1893 505 1959 nullius
520 1892 765 1960 admirationem
781 1893 925 1959 movebit
947 1893 1029 1959 inter
1044 1893 1130 1959 viros
1154 1893 1266 1961 doctos
1289 1894 1330 1963 de

173 1995 234 2063 hac
256 2015 291 2062 re
319 2015 390 2062 esse
418 1996 518 2062 litem.
562 1995 629 2062 Sed
657 2016 715 2062 suo
744 1997 812 2062 iure
842 1996 1008 2061 mirabitur
1037 1996 1213 2080 quispiam,
1244 1997 1331 2080 quod

173 2105 263 2165 tanta
285 2098 409 2165 exstitit
431 2099 666 2181 controversia,
697 2104 732 2164 ut
761 2098 801 2165 de
832 2097 980 2164 decennii
1011 2098 1078 2164 fere
1101 2100 1206 2180 spatio
1229 2107 1329 2166 certa·

172 2206 275 2284 retur3
311 2199 479 2276 sonnium)
517 2202 602 2266 enim
631 2201 755 2266 censuit
783 2199 943 2281 legionem
972 2199 996 2264 l.
1027 2200 1218 2266 Minerviam
1246 2220 1330 2268 anno

173 2301 290 2379 846192
317 2319 389 2367 esse
417 2301 647 2381 conscriptam,
678 2306 787 2365 contra
816 2301 860 2383 is,
887 2301 943 2382 qui
968 2320 1070 2384 nuper
1092 2302 1126 2366 in
1147 2302 1330 2385 appendice

175 2400 217 2465 de
248 2400 311 2466 hac
332 2399 462 2480 legione
485 2400 585 2465 verba
606 2400 699 2483 feeit,
723 2399 979 2504 Ritterlingius9)
1008 2402 1246 2470 demonstrasse
1269 2405 1332 2471 sibi

263 2536 286 2598 l)
304 2531 412 2586 Etenim
428 2530 538 2587 Cassius
557 2531 608 2585 llio
628 2530 739 2585 LXVII.
755 2536 767 2585 l
786 2532 854 2585 haec
871 2534 1017 2586 memoriae
1034 2533 1160 2586 tradidit:
1182 2534 1263 2587 θεῶν
1280 2532 1333 2600 μὲν

172 2615 230 2692 γὰρ
243 2613 294 2688 τὴν
304 2615 425 2689 Ἀθηνᾶν
436 2615 466 2683 ἐς
478 2613 513 2674 τὰ
526 2613 650 2686 μάλιστα
662 2612 774 2688 ἤγαλλε.
799 2615 945 2671 Suetonius
957 2633 981 2671 v.
993 2617 1073 2672 Dom.
1087 2630 1146 2684 cap.
1158 2620 1201 2670 15:
1216 2615 1332 2679 „Miner-

172 2721 242 2770 vam,
261 2720 340 2773 quam
359 2703 546 2772 superstitiose
564 2703 678 2768 colebat,
696 2702 839 2757 somniavit
857 2701 989 2757 excedere
1001 2701 1121 2758 sacrario
1139 2707 1333 2772 negantemque

172 2791 245 2845 ultra
257 2805 286 2845 se
298 2789 369 2844 tueri
381 2796 486 2857 posse.“
507 2819 540 2829 —
553 2788 662 2857 Quintil.
680 2789 744 2844 inst.
758 2793 827 2844 orat.
840 2787 874 2844 X.
892 2793 913 2856 l,
926 2792 972 2843 91:
993 2788 1059 2852 „Cui
1071 2787 1155 2855 magis
1176 2802 1240 2842 suas
1259 2793 1331 2844 artes

173 2876 290 2944 aperiret
305 2874 451 2943 familiare
467 2889 566 2929 numen
584 2874 747 2930 Minervae.“

260 2962 286 3023 2)
302 2959 337 3013 V.
350 2959 450 3013 Domit.
464 2973 524 3028 cap.
539 2964 568 3012 4:
590 2959 766 3022 ,Celebrabat
778 2959 846 3013 etin
859 2958 966 3012 Albano
985 2956 1140 3026 quotannis
1153 2957 1331 3027 Quinquatria

175 3043 322 3106 Mineruae,
342 3042 386 3095 eni
399 3042 539 3108 collegium
549 3043 714 3108 instituerat,
727 3058 760 3097 ex
773 3057 825 3111 quo
839 3046 913 3096 sorte
931 3041 1006 3096 ducti
1017 3041 1172 3110 magisterio
1186 3043 1329 3110 fungeren-

174 3133 220 3183 tur
238 3127 403 3195 ederentque
421 3126 532 3180 eximias
549 3127 707 3183 venationes
726 3132 753 3182 et
771 3127 912 3182 scaenicos
930 3126 1017 3193 ludos,
1036 3141 1171 3196 superque
1192 3129 1331 3183 oratorum

174 3230 207 3270 ao
225 3213 369 3283 poetarum
388 3212 560 3266 certamina.“

259 3302 285 3365 3)
303 3298 321 3352 l.
334 3299 370 3352 l.:
396 3300 445 3353 καὶ
464 3292 508 3353 διὰ
527 3300 614 3353 τοῦτο
632 3301 681 3354 καὶ
701 3293 738 3355 τὰ
759 3293 947 3372 Παναθήναια
965 3294 1098 3369 μεγάλως
1122 3293 1257 3372 ἑώρταζε,
1283 3302 1332 3354 καὶ

172 3385 203 3442 ἐν
222 3376 321 3449 αὐτοῖς
339 3376 454 3455 ἀγῶνας
470 3385 519 3438 καὶ
537 3385 665 3454 ποιητῶν
676 3386 724 3439 καὶ
736 3378 931 3455 λογογράφων
942 3377 1119 3451 μονομάχων
1131 3402 1163 3438 τε
1178 3377 1247 3440 αατ>
1266 3379 1331 3450 ἔτος

173 3465 213 3535 ὡς
231 3469 321 3526 εἰπεῖν
339 3465 370 3524 ἐν
388 3471 430 3542 τῷ
441 3462 565 3543 Ἀλβανῷ
582 3465 685 3525 ἐποίει.

259 3558 285 3619 4)
304 3553 529 3622 Silv.111.5,2s;
548 3554 595 3611 IV.
610 3559 634 3622 2,
646 3557 753 3624 dlsqq,
773 3557 797 3620 5,
811 3557 859 3621 243
877 3553 909 3609 V.
925 3557 948 3620 3,
962 3556 1010 3607 227
1018 3568 1078 3622 sqq.

261 3643 286 3706 5)
303 3638 351 3692 IX.
372 3643 413 3694 aa.

261 3727 285 3788 6)
304 3724 338 3777 oi.
356 3723 428 3778 infra
444 3740 472 3793 p.
488 3729 585 3794 11sqq.

262 3812 287 3872 t)
307 3806 342 3862 ef.
361 3809 554 3878 Frendenberg
572 3809 603 3864 B.
616 3809 641 3864 J.
656 3815 697 3875 57,
711 3813 752 3864 80.

261 3896 286 3959 8)
303 3891 337 3946 In
355 3893 578 3963 „Mitthellungen
596 3896 644 3950 der
662 3893 844 3950 Cesellsclraft
860 3892 905 3946 lun
921 3887 1135 3946 vaterltndisohe
1147 3888 1330 3942 Alterthiimcr

173 3981 202 4033 in
221 3977 317 4034 Basel“
336 3976 358 4030 I.
377 3993 404 4045 p.
417 3982 457 4032 18.

261 4066 286 4127 9)
304 4078 330 4130 p.
344 4066 376 4115 72
395 4062 468 4115 etin
485 4062 573 4117 indice
590 4064 611 4120 Ι.
625 4067 657 4118 Α.
