3170 4742
262 275 304 334 42
734 271 799 328 Otto
817 271 947 340 Schilling

265 447 468 515 confirmatur
490 465 546 530 ea,
575 464 673 530 quam
703 464 734 528 p.
752 446 793 508 32
815 445 1017 530 protulimus,
1045 445 1218 526 sententia,
1246 444 1311 510 ianr
1333 463 1419 510 anno
1484 481 1486 484 ·

265 550 380 629 852198
402 550 564 632 legionem
587 548 792 616 constitutam
816 553 847 613 et
869 547 911 614 ad
933 546 1118 613 Danuvium
1140 545 1257 613 flumen
1280 546 1420 613 colloca·

263 661 328 718 tam
345 671 425 719 esse.
463 653 546 718 Nam
566 652 593 719 si
609 655 723 734 postea
740 657 825 717 esset
839 651 1031 735 conscripta,
1054 651 1111 716 vix
1125 648 1170 716 ad
1185 655 1306 715 tantum
1321 648 1419 715 robur

262 756 481 842 processisset,
505 760 542 820 ut
563 752 607 820 ad
629 753 751 819 bellum
774 758 840 818 tam
862 773 961 835 grave
984 752 1160 836 gerendum
1182 753 1247 818 iam
1269 751 1418 832 111151511-

264 859 314 925 nis
344 860 477 937 8551101
503 893 545 904 -
575 857 725 936 8601106)
752 855 945 938 mitteretur,
972 874 1011 922 55
1038 875 1080 922 ne
1108 856 1156 921 sic
1185 853 1314 937 quidem
1341 859 1420 939 puto

265 961 451 1027 5115551155
476 965 670 1026 commotum
693 959 866 1024 Traianum
895 976 966 1023 eam
994 958 1219 1039 arcessivisse,
1248 958 1310 1024 nisi
1332 956 1421 1042 quod

265 1061 353 1128 baud
382 1062 428 1128 ita
456 1063 567 1144 prooul
596 1082 616 1127 a
645 1060 750 1126 Dacia
778 1059 923 1126 tetendit.
974 1060 1045 1126 Hoc
1078 1079 1207 1144 quoque
1241 1079 1419 1143 cognomen

264 1164 429 1247 plerisque
457 1164 489 1228 in
514 1163 615 1229 titulis
637 1162 759 1245 legioni
782 1161 981 1245 adscriptum
1003 1171 1068 1244 est;
1096 1181 1157 1229 nec
1181 1168 1288 1228 tamen
1311 1162 1420 1228 omnia

263 1271 478 1347 monumenta,
501 1265 666 1347 inquibus
685 1264 897 1349 desideratur,
919 1269 994 1330 ante
1012 1284 1130 1331 annum
1153 1267 1291 1339 8601106
1314 1265 1420 1347 posita

265 1388 336 1437 esse
359 1373 494 1452 oportet.
502 1371 524 1445 1)

351 1469 430 1538 Sero
454 1469 582 1536 demum
607 1470 707 1545 ,Piae
729 1468 872 1535 Fidelis“
895 1488 1074 1552 cognomen
1102 1468 1311 1536 honorificum
1333 1469 1420 1552 legio

266 1571 374 1637 XXX·
390 1572 430 1637 V·
445 1571 487 1637 V·
518 1570 580 1638 sibi
609 1571 746 1654 paravit.
799 1571 907 1636 Γ1111115
938 1571 1023 1636 enim
1050 1570 1179 1636 Bramb.
1199 1574 1255 1636 151
1275 1574 1317 1650 (11.
1337 1573 1420 1655 120),

265 1694 361 1760 quem
389 1694 473 1741 anno
498 1676 636 1751 9771223
668 1693 739 1741 5555
767 1675 907 1757 positum
936 1674 1065 1740 nomina
1093 1674 1259 1741 consulum
1288 1672 1419 1740 demon·

265 1784 376 1862 511551,
398 1777 505 1844 nullus
528 1782 635 1844 exstat
656 1777 827 1859 antiquior,
849 1777 882 1841 in
905 1795 968 1858 quo
991 1777 1116 1858 legatur
1139 1776 1196 1851 ,P.
1212 1776 1271 1840 ΒΨ
1294 1775 1420 1842 -Sed

266 1880 436 1962 quinquies
447 1882 469 1956 ²)
486 1885 608 1945 tantum
624 1880 657 1943 in
673 1877 837 1962 lapidibus
851 1877 1020 1944 iuvenitur.
1051 1878 1150 1945 Cuius
1162 1880 1209 1945 rei
1224 1899 1288 1945 non
1298 1865 1340 1946 Ι55
1350 1880 1421 1946 5515

266 1989 315 2048 est
338 2000 444 2063 causa,
468 1980 555 2063 quod
578 1981 677 2046 multo
702 1981 804 2046 serius
827 1979 888 2046 boc
910 1980 1055 2063 praemio
1072 1980 1172 2063 Ulpia
1193 1981 1280 2065 legio
1303 1981 1420 2049 affecta

266 2089 316 2151 551
330 2103 427 2168 quam
443 2084 528 2150 aliae
543 2082 624 2160 (Vll.
637 2082 694 2148 XI.
710 2081 769 2167 ol,
784 2083 810 2147 Ι.
823 2083 875 2164 Μ,
888 2081 941 2148 VI.
954 2083 1034 2167 Vic,
1050 2083 1091 2148 X.
1106 2083 1209 2168 (iem,
1225 2084 1332 2150 XXII.
1345 2085 1420 2169 Ρ1.),

266 2185 325 2253 sed
347 2185 414 2252 alia
431 2185 591 2268 quaedam
613 2184 742 2252 accedit
765 2204 868 2269 eaque
890 2185 1029 2268 gravior,
1053 2186 1139 2268 quod
1163 2207 1226 2253 non
1242 2188 1357 2254 eadem
1372 2188 1420 2253 illi

267 2287 450 2370 cognomini
466 2288 570 2354 inerat
581 2288 632 2355 vis
644 2294 742 2371 atque
757 2294 853 2356 antea
861 2291 896 2372 ³),
912 2288 999 2372 quod
1014 2289 1090 2356 inde
1101 2310 1123 2356 5
1134 2292 1263 2357 saeculo
1279 2290 1420 2358 secundo

265 2389 373 2456 medio
389 2395 509 2457 temere
524 2390 686 2474 facileque
703 2392 884 2473 legionibus
899 2391 1099 2459 tribuebatur
1109 2393 1150 2458 ab
1163 2393 1420 2476 imperatoribus.

267 2493 381 2576 Neque
396 2493 494 2576 igitur
509 2499 568 2573 est,
591 2494 678 2577 quod
700 2495 851 2559 miremur
872 2493 938 2558 iam
959 2494 1053 2560 annis
1068 2495 1205 2573 9861232
1228 2501 1261 2560 51
1282 2498 1419 2570 9931239

264 2597 299 2660 Ρ.
323 2595 359 2662 F.
382 2595 464 2661 illud
487 2597 520 2661 in
543 2597 644 2662 titulis
668 2597 810 2674 omitti.⁴)

351 2697 393 2760 Et
415 2713 608 2777 quamquam
631 2697 689 2761 vix
712 2715 831 2777 operae
845 2696 983 2778 pretium
1000 2700 1049 2760 est
1063 2694 1268 2777 investigare,
1292 2713 1356 2777 qua
1377 2693 1419 2759 de

265 2816 364 2864 causa
386 2797 450 2861 illis
474 2797 671 2878 temporibus
690 2796 745 2878 ,P.
761 2796 819 2860 F.“
835 2796 1027 2878 cognomina
1040 2795 1223 2877 legionibus
1245 2796 1309 2862 sint
1330 2797 1419 2862 attri-

266 2900 353 2984 buta,
376 2905 484 2965 tamen
499 2898 596 2982 plane
615 2897 656 2964 de
679 2896 741 2965 hac
764 2918 799 2965 re
814 2904 921 2965 tacere
943 2918 1007 2965 non
1029 2917 1208 2982 possumus,
1231 2899 1420 2981 praesertim

267 3023 339 3070 cum
354 3002 533 3086 aptissima,
556 3001 590 3066 ni
612 3001 717 3085 fallor,
740 3001 799 3067 illa
819 3006 926 3067 aetate
947 3001 1093 3084 praemia
1113 2999 1191 3067 fidei
1214 3001 1421 3085 comparandi

266 3105 448 3188 legionibus
471 3103 600 3171 occasio
623 3104 733 3170 oblata
755 3105 805 3170 sit.
958 3183 963 3190 ²

352 3208 436 3273 Nam
464 3226 536 3272 cum
566 3226 648 3272 anno
678 3204 1196 3289 947119385111111111185151115,
1227 3206 1421 3273 Pescennius

266 3309 377 3392 Niger,
400 3306 533 3374 Clodius
556 3309 694 3375 Albinus
715 3329 735 3374 a
758 3310 824 3376 suis
847 3309 984 3393 quisque
1006 3308 1188 3392 legionibus
1211 3309 1421 3392 imperatores

353 3444 379 3503 1)
402 3439 526 3509 Namque
551 3440 605 3493 iam
631 3441 713 3509 paulo
741 3444 804 3509 post
830 3455 979 3508 cognomen
1003 3445 1147 3510 acceptum
1172 3440 1308 3494 interdum
1333 3442 1421 3497 omitti

268 3524 386 3589 „Victr.“
406 3538 440 3578 ex
456 3525 542 3579 titulis
560 3525 736 3593 cognoscitur
753 3524 802 3578 111.
821 3529 888 3580 2732
906 3528 943 3592 (n.
964 3529 1022 3591 119)
1040 3525 1093 3580 sub
1110 3523 1265 3593 Hadriano,
1283 3527 1334 3582 ΙΙΙ.
1354 3531 1418 3582 5211

266 3614 304 3677 (n.
326 3614 383 3676 123)
402 3610 453 3664 sub
471 3608 610 3664 Antonino
628 3609 677 3665 Pio
697 3610 824 3664 exaratis.

356 3700 381 3763 2)
400 3696 436 3752 cf.
450 3696 505 3750 ind.
518 3695 706 3762 cognominum
723 3695 775 3763 leg.
789 3694 875 3749 XXX.
889 3693 994 3765 Ulpiae.

356 3786 380 3846 3)
400 3780 435 3836 51.
449 3794 534 3850 supra
546 3795 574 3850 p.
589 3785 614 3833 7.

355 3869 381 3933 4)
399 3865 537 3922 concedes
548 3865 631 3932 igitur
644 3879 750 3920 errasse
761 3865 923 3921 Lerschium
935 3863 1035 3929 (Oentr.
1046 3863 1117 3918 Mus.
1127 3863 1162 3918 II.
1177 3868 1226 3932 14),
1239 3866 1285 3934 qui
1294 3870 1421 3937 propter-

270 3967 302 4008 55
319 3956 383 4006 aute
400 3966 502 4006 aunum
519 3950 630 4022 9771223
654 3951 773 4019 positum
791 3965 850 4005 esse
868 3950 972 4016 censuit
989 3949 1097 4004 titulum
1116 3950 1422 4019 815151137315155),

269 4038 341 4107 quod
359 4037 390 4091 P.
402 4036 436 4092 F.
455 4036 614 4105 cognomina
631 4036 750 4092 noudum
768 4035 861 4090 addita
878 4039 977 4090 esseut.
