3170 4742
281 284 322 339 De
340 283 491 352 legionibus
510 282 693 339 Romanorum
710 283 732 338 l.
751 283 885 340 Minervio
902 292 929 340 ct
946 286 1031 340 XXX.
1052 285 1141 355 Ulpio.
1248 289 1285 346 21

217 456 440 524 Suetonius
453 476 483 521 v.
500 457 618 523 Domit.
635 476 705 540 cap.
723 460 758 522 6:
775 456 1029 541 „Expeditiones
1044 460 1161 542 partim
1176 468 1291 546 sponte

132 561 290 645 suscepit,
320 559 437 644 partim
465 559 662 625 necessario:
693 561 837 643 sponte.
862 609 869 624 .
894 609 901 624 .
926 609 933 624 .
958 561 1140 628 necessario
1164 611 1170 627 .
1196 613 1202 628 .
1227 613 1235 629 .
1258 566 1292 630 in

131 663 239 737 Dacos
252 661 343 744 duas,
359 661 497 744 primam
513 658 620 744 Oppio
636 659 758 728 Sabino
769 662 927 728 consulari
945 681 1103 746 oppresso,
1120 665 1293 732 secundam

134 762 278 828 Cornelio
302 761 417 836 Fusco,
441 762 607 846 praelecto
631 761 810 831 cohortium
832 765 1117 849 praetorianarum,
1141 767 1192 834 cui
1213 768 1292 836 belli

130 887 288 934 summam
311 865 544 933 commiserat.“

216 968 408 1034 Iordanis
430 965 501 1033 Get.
524 968 543 1046 ξ
567 969 624 1032 78:
654 969 758 1044 ,Tum
774 967 881 1034 *Gothi
911 966 997 1034 haud
1027 988 1143 1054 segnes
1172 973 1291 1054 reperti

133 1093 224 1139 arma
253 1074 424 1153 capessunt
456 1069 625 1152 primoque
657 1068 804 1137 conflictu
833 1090 910 1136 mox
938 1071 1098 1141 Romanos
1128 1071 1291 1136 desineant

136 1173 298 1258 chcoqoc
320 1169 397 1234 dccc
413 1171 570 1233 castineto
594 1171 727 1238 divitias
750 1171 791 1238 de
814 1173 928 1239 castris
950 1173 1089 1257 spoliant
1110 1194 1292 1260 magnaque

134 1277 229 1363 potiti
252 1295 310 1360 per
332 1274 405 1341 loca
428 1274 653 1340 victoricium
677 1293 828 1359 proceres
851 1294 935 1360 suos,
959 1295 1092 1358 quorum
1115 1279 1206 1360 quasi
1229 1280 1292 1346 for-

134 1387 210 1445 tuna
239 1377 431 1458 vincebant,
469 1395 533 1440 non
562 1395 659 1460 puros
690 1374 854 1459 homines,
889 1376 947 1443 sed
977 1377 1153 1462 semideos,
1182 1378 1216 1445 id
1245 1387 1293 1448 est

130 1477 268 1566 „Ansis“
292 1481 519 1545 vocaverunt.“

218 1581 356 1649 Disertis
391 1580 489 1661 igitur
519 1581 627 1646 verbis
661 1580 708 1644 illi
737 1600 801 1646 non
832 1580 1033 1647 tradiderunt
1060 1582 1221 1664 legionem
1250 1583 1291 1649 ab

134 1685 280 1752 hostibus
296 1702 368 1750 esse
391 1681 543 1763 deletam,
567 1681 631 1747 sed.
649 1683 810 1762 ingentem
835 1683 934 1749 fuisse
958 1683 1083 1750 cladem
1105 1705 1169 1751 uno
1192 1687 1292 1752 verbo

133 1787 305 1855 Suetonius
318 1779 529 1869 t„oppresso“
543 1783 675 1866 scilicet,
692 1782 778 1866 quod
793 1783 878 1850 etad
890 1782 1044 1850 Sabinum
1057 1784 1142 1850 etad
1154 1785 1292 1852 Fuscum

133 1890 294 1974 pertinet),
317 1887 464 1971 pluribus
486 1884 634 1952 Iordanis
657 1892 801 1969 enarrat,
833 1887 954 1970 quippe
978 1888 1032 1969 qui
1055 1885 1197 1954 devictos
1219 1907 1291 1954 esse

133 1993 294 2058 Romanos
317 1987 508 2065 adertiso
531 1986 627 2054 dicat.

217 2093 309 2159 Alius
332 2098 440 2157 tamen
456 2109 561 2156 rerum
577 2091 722 2175 scriptor,
745 2109 840 2173 quem
857 2109 898 2156 ex
921 2090 1063 2157 fontibus
1087 2089 1176 2157 haud
1196 2092 1291 2174 parvi

134 2195 344 2264 aestimandis
367 2193 534 2259 historiam
557 2212 647 2258 suam
671 2193 900 2275 conscripsisse
923 2193 1006 2258 inter
1029 2212 1140 2259 omnes
1156 2198 1289 2277 constat,

133 2319 192 2364 nos
223 2301 310 2362 recte
339 2293 420 2359 illud
448 2295 629 2378 ,,οημεῑον“
652 2293 755 2361 Cassii
778 2295 893 2361 Dionis
922 2295 1120 2362 intellexisse
1154 2297 1290 2380 legionis

134 2399 276 2482 aquilam
301 2397 391 2462 testis
414 2401 472 2478 est,
497 2394 644 2463 Orosium
668 2395 751 2480 dico,
775 2397 830 2480 qui
852 2398 885 2463 in
901 2398 975 2463 libri
994 2399 1074 2464 Vll:
1089 2418 1158 2481 cap.
1185 2403 1234 2482 10,
1259 2404 1289 2481 4,

135 2506 305 2585 postquam
328 2517 521 2582 permagnas
544 2499 642 2565 fuisse
666 2499 827 2565 enarravit
850 2499 1028 2565 Domitiani
1056 2499 1182 2582 clades,
1211 2519 1290 2582 quas

133 2611 240 2670 tamen
270 2608 419 2669 accurate
449 2599 633 2668 describere
663 2600 798 2668 consilio
827 2602 1008 2684 neglexerit
1030 2601 1177 2685 Tacitus,
1208 2600 1289 2668 haec

132 2705 245 2773 addat:
270 2705 493 2780 „Domitianus
516 2709 623 2771 tamen
645 2705 838 2788 pravissima
861 2705 964 2772 elatus
987 2704 1141 2770 iactantia
1159 2704 1218 2771 sub
1234 2725 1289 2771 no·

132 2809 218 2874 mine
233 2814 454 2890 superatorum
467 2805 605 2873 hostium
619 2805 660 2874 de
673 2806 839 2874 exstinctio
854 2806 1032 2891 legionibus
1047 2807 1289 2891 triumphavit.“
1364 2795 1367 2802 ⁴

218 2911 330 2990 Itaque
360 2908 440 2974 duas
466 2909 632 2974 minimum
660 2909 807 2990 legiones
837 2910 984 2977 interisse
1016 2910 1075 2977 sub
1105 2910 1289 2977 Domitiano

134 3027 266 3076 necesse
295 3015 359 3090 est3
393 3026 527 3090 quarum
556 3009 691 3073 alteram
720 3029 741 3072 a
770 3008 925 3073 Sarmatis
956 3029 1027 3074 cum
1056 3010 1163 3090 legato
1193 3012 1289 3076 simul

134 3131 262 3179 caesam
297 3127 368 3175 esse
397 3107 569 3191 Eutropius
581 3109 603 3186 2)
639 3114 670 3174 et
699 3107 871 3175 Suetonius
883 3112 907 3184 ³)
941 3107 1057 3176 iisdem
1085 3111 1153 3176 fere
1181 3111 1289 3178 verbis

221 3279 245 3341 1)
265 3276 300 3331 cl.
314 3274 391 3330 Cass.
403 3275 437 3330 D.
451 3273 562 3330 LXVII.
576 3280 600 3340 6,
615 3280 644 3329 2:
664 3273 778 3342 Αακοὺς
790 3276 819 3333 δὲ
832 3268 936 3342 αὐτοὺς
952 3275 1171 3349 προσαγορεύω,
1190 3266 1289 3351 οἵσπερ

133 3384 190 3422 που
207 3365 255 3419 καὶ
273 3353 356 3419 αὐτοὶ
374 3355 492 3426 ἑαυτοὺς
508 3363 557 3416 καὶ
576 3359 603 3418 οἳ
616 3356 758 3430 Ῥωμαῖοί
776 3379 850 3431 σφας
869 3354 1075 3430 ὀνομάζουσιν,
1094 3355 1146 3417 οὐκ
1164 3359 1288 3432 ἀγνοῶν,

133 3441 179 3508 ὅτι
196 3443 338 3518 Ἑλλήνων
362 3445 435 3511 τινὲς
457 3445 584 3511 Γέτας
609 3437 712 3512 αὐτοὺς
736 3446 879 3518 λέγουσιν,
904 3442 957 3503 εἴτ’
981 3439 1080 3520 ὀρθῶς
1101 3443 1158 3504 εἴτε
1179 3450 1228 3504 καὶ
1249 3469 1287 3519 μη

132 3535 271 3607 λέγοντες.

219 3623 244 3684 2)
264 3618 377 3688 Eutrop.
397 3616 460 3672 VII.
480 3621 524 3671 23:
551 3617 668 3682 „Multas
686 3620 777 3672 tamen
795 3617 963 3673 calamitates
987 3617 1073 3672 isdem
1095 3616 1172 3673 bellis
1189 3634 1288 3687 passus

134 3710 184 3760 est.
220 3703 290 3758 Nam
307 3703 335 3756 in
348 3703 483 3757 Sarmatia
500 3702 568 3772 legio
581 3704 639 3759 eius
652 3718 713 3758 cum
732 3703 800 3756 duce
811 3702 956 3757 interiecta
968 3707 1009 3757 est
1021 3705 1048 3756 et
1060 3717 1077 3755 a
1088 3700 1171 3756 Dacis
1185 3701 1288 3771 Oppius

134 3789 251 3845 Sabinus
270 3788 419 3843 consularis
443 3793 470 3843 et
488 3788 628 3844 Cornelius
646 3789 753 3844 Fuscus
771 3787 926 3857 praelectus
944 3787 1083 3857 praetorio
1102 3801 1163 3840 cum
1184 3787 1288 3854 magnis

132 3873 296 3932 exercitibus
314 3872 397 3928 occisi
415 3878 501 3928 sunt.“

220 3965 245 4027 3)
263 3958 372 4014 Sueten.
394 3975 418 4012 v.
441 3958 520 4014 Dum.
538 3963 567 4014 6:
589 3999 637 4014 ...
664 3959 834 4022 „necessario
857 3975 938 4014 unam
955 3959 984 4013 in
1003 3957 1140 4012 Sarmatas
1158 3958 1287 4026 (expedit.

133 4047 272 4116 suscepit),
289 4043 394 4112 legione
414 4059 473 4098 cum
491 4044 579 4112 legato
597 4045 677 4101 simul
695 4051 792 4100 caesa“
811 4059 834 4099 e.
848 4061 873 4114 q.
885 4059 906 4099 s.
925 4044 971 4112 (cf.
991 4046 1093 4112 supra).
1211 4043 1214 4048 “
