3170 4742
249 229 290 287 72
718 228 782 284 Otto
801 227 931 295 Sebilllug

248 400 336 467 haud
363 401 515 483 exiguam
545 401 795 483 legionariorum
823 403 949 485 copiam
980 402 1120 486 misisse,
1150 421 1221 467 oum
1244 402 1407 484 Ancyrae,

248 506 281 569 in
303 504 382 569 urbe
400 503 563 588 Galatiae,
586 503 731 587 signiferi
754 504 890 587 legionis
913 503 1033 568 XXX·
1049 503 1072 568 S
1089 503 1162 569 ·Al·
1179 507 1200 579 ¹)
1223 503 1334 569 titulus
1356 523 1405 570 re·

248 611 358 690 pertus
386 606 435 672 sit.
488 604 553 672 Sed
583 606 700 688 iterum
727 606 897 689 Germani,
928 606 1016 689 quod
1044 607 1157 689 copiae
1185 605 1227 671 ad
1256 603 1404 671 Rhenum
1502 675 1504 678 ,

248 708 497 790 Danuviumque
519 705 635 773 fluvios
657 707 824 775 tendentes
847 709 942 773 nimis
959 708 1144 774 imminutae
1168 714 1258 773 erant
1273 713 1406 791 propter

247 810 367 876 bellum
390 809 573 894 Persicum,
596 808 728 877 flumine
750 810 883 876 traiecto
907 811 1091 893 proviuoias
1114 810 1275 876 Romanas
1297 816 1404 876 vasta·

247 917 363 978 verunt
385 918 417 976 et
439 910 561 996 oppida
583 918 751 996 castraque
773 913 896 995 impetu
919 911 1202 978 vehementissimo
1223 911 1370 994 aggressi
1380 913 1403 987 ²)

247 1019 336 1096 sunt,
367 1013 573 1097 quodetiam
604 1015 810 1099 septuaginta
836 1015 929 1079 annis
956 1020 1031 1079 ante
1058 1015 1178 1079 laetum
1207 1032 1279 1080 esse
1301 1033 1405 1096 supra

246 1136 277 1199 p.
295 1118 335 1180 62
348 1136 395 1197 sq.
412 1117 712 1183 demonstravimus.
745 1117 840 1183 Unda
862 1116 991 1200 aooidit,
1013 1122 1048 1180 ut
1062 1115 1202 1182 Severus
1217 1113 1405 1181 Alexander

245 1237 327 1301 paee
351 1219 459 1284 statim
482 1239 555 1285 oum
572 1219 679 1285 Persis
701 1221 787 1285 faeta
809 1219 935 1303 maguis
958 1218 1126 1284 itineribus
1149 1219 1182 1282 in
1197 1216 1404 1284 Germaniam

245 1326 443 1403 properaret.

332 1421 423 1499 Quae
455 1429 624 1506 praeterea
653 1421 728 1487 inde
757 1423 799 1487 ab
833 1421 882 1488 his
915 1422 1114 1505 temporibus
1148 1421 1189 1488 de
1222 1421 1405 1504 legionibus

246 1523 269 1588 I.
287 1524 362 1589 Min.
381 1532 413 1590 et
426 1524 524 1588 XXX
539 1556 546 1569 ·
562 1524 590 1587 V
605 1557 612 1570 ·
628 1524 666 1587 V·
686 1531 827 1591 statuere
841 1544 877 1591 se
900 1544 996 1608 posse
1014 1530 1206 1590 censuerunt
1221 1524 1282 1589 riri
1304 1523 1403 1605 doeti,

173 1627 904 1693 smmwmmm

329 1728 437 1811 Atque
453 1728 590 1810 Jungius
600 1730 624 1804 3)
647 1729 777 1811 quidem
793 1728 972 1795 contendit:
996 1729 1092 1804 „Erst
1114 1730 1157 1793 im
1174 1728 1291 1793 dritten
1307 1724 1401 1794 Jahr-

247 1829 385 1896 bundert
411 1829 571 1897 ersoheint
600 1829 653 1896 die
680 1831 730 1896 bis
759 1830 859 1897 dabin
886 1833 920 1896 in
942 1831 1005 1896 den
1028 1830 1163 1906 „Castra
1183 1833 1315 1896 vetera“
1337 1836 1402 1896 sta·

245 1932 373 1999 tionirte
395 1935 458 2014 leg.
474 1932 581 1996 XXX.
599 1932 698 2015 Ulpia
719 1931 953 1999 rheinabw'arts
971 1932 1182 2015 versaboben‚
1205 1933 1239 1996 in
1261 1933 1316 1999 die
1337 1934 1402 2001 Ge·

245 2035 330 2100 biete
365 2034 423 2100 des
456 2033 609 2116 heutigen
637 2034 810 2100 Holland“.
861 2035 980 2101 Nescio
1013 2055 1076 2118 quo
1110 2035 1178 2100 iure
1208 2035 1242 2100 id
1271 2035 1400 2103 dixerit.

244 2137 329 2202 Nam
344 2142 380 2201 ut
400 2137 497 2219 plane
521 2137 676 2221 omittam,
701 2137 788 2220 quod
811 2138 843 2202 in
864 2136 1039 2202 Hollandia
1062 2143 1112 2204 sat
1133 2138 1225 2202 multi
1248 2139 1332 2205 tituli
1354 2145 1400 2205 te-

244 2241 404 2321 gulaeque
426 2239 563 2320 legionis
587 2238 685 2304 XXX
699 2273 706 2286 ·
722 2240 750 2304 V
764 2274 771 2285 ·
787 2240 827 2303 V·
853 2241 971 2323 reperti
994 2246 1075 2321 sunt,
1098 2258 1301 2323 nequaquam
1324 2242 1400 2308 inde

244 2340 394 2407 oonoludi
416 2360 512 2425 posse
528 2342 561 2405 in
577 2341 649 2425 ipsa
664 2342 840 2408 Hollandia
855 2361 927 2407 eam
943 2341 1117 2408 tetendisse
1139 2378 1180 2390 -
1205 2344 1281 2425 quia
1296 2345 1399 2410 vexil-

243 2444 341 2508 larios
364 2443 398 2507 in
420 2444 485 2509 illis
500 2444 685 2526 regionibus
707 2463 864 2527 persaepe
887 2451 1031 2510 versatos
1055 2463 1125 2511 esse
1147 2451 1256 2510 notum
1280 2453 1328 2511 est
1345 2481 1397 2528 -‚

243 2565 374 2628 prorsus
396 2545 551 2628 Jungium
579 2545 701 2628 fugisse
722 2546 851 2612 videtur
873 2547 982 2612 omnia
1003 2553 1209 2612 monumenta
1236 2548 1320 2612 illius
1350 2549 1395 2613 le-

243 2650 362 2731 gionis,
392 2667 475 2731 quae
498 2647 540 2713 ad
563 2647 726 2714 saeculum
754 2650 883 2714 tertium
910 2651 1071 2732 pertinere
1095 2655 1214 2715 certum
1236 2654 1296 2729 est,
1338 2635 1393 2708 Ve-

243 2749 395 2825 reanum)
425 2751 504 2833 ipsis
535 2767 606 2815 esse
634 2755 770 2830 reperta.
815 2751 930 2832 Neque
960 2750 1044 2833 quod
1068 2745 1236 2831 Rotniusr)
1263 2770 1392 2816 nummo

331 2971 355 3032 1)
373 2966 422 3021 llI.
436 2970 503 3021 0164
521 2971 557 3032 (n.
575 2973 641 3033 111).
660 2998 694 3005 -
713 2967 757 3021 Sic
775 2966 846 3020 enim
864 2975 937 3021 reete
954 2968 1020 3022 mihi
1037 2968 1142 3023 ridetur
1159 2967 1396 3022 Domasnewslrius

241 3053 309 3107 illud
329 3052 413 3108 SAO
431 3052 598 3107 emendasse.

328 3140 353 3201 2)
371 3137 518 3192 Herodian.
532 3137 578 3191 VI.
594 3143 619 3202 l,
633 3141 647 3190 2
659 3174 666 3189 .
678 3179 684 3191 .
697 3179 703 3190 .
715 3177 721 3191 .
733 3177 738 3188 .
750 3140 897 3210 Γερμανοὶ
905 3131 1005 3208 Ῥῆνον
1015 3139 1064 3192 καὶ
1072 3132 1183 3209 Ἴστρον
1195 3139 1394 3210 διαβαίνοντες

242 3217 450 3292 τὴνῬωμαίων
468 3225 630 3295 πορθοῦσιν
648 3214 799 3294 ἅρχὴνκαῖ
817 3217 852 3279 τὰ
871 3220 918 3279 ἐπὶ
930 3231 993 3287 ταῖς
1013 3219 1117 3294 ὄχθαις
1135 3217 1318 3294 στρατόπεδα
1336 3221 1394 3279 ἐπι-

241 3309 360 3377 κείμενα
378 3302 477 3370 πόλεις
495 3326 526 3363 τε
543 3310 592 3363 καὶ
609 3302 709 3376 κώμας
727 3310 820 3378 πολλῇ
838 3307 953 3376 δυνάμει
970 3307 1206 3380 κατατρέχουσιν.

328 3397 353 3457 3)
371 3391 388 3446 1.
403 3393 420 3444 r.
433 3409 460 3460 p.
473 3395 532 3444 νιν.

326 3481 352 3542 4)
370 3475 455 3530 Tituli
477 3475 602 3528 nimirum
620 3475 729 3530 Bramb.
750 3480 797 3531 145
821 3480 857 3542 (n.
878 3479 937 3541 141)
953 3491 1025 3530 anno
1049 3479 1099 3530 239
1122 3491 1191 3544 pos,
1211 3477 1349 3532 Gordiano
1367 3483 1395 3531 et

240 3562 335 3617 Aviola
348 3576 432 3628 σεεμς
452 3559 561 3613 Bramb.
577 3564 624 3613 146
637 3563 672 3625 (n.
687 3565 745 3627 142)
758 3576 830 3615 anno
844 3565 901 3624 232,
918 3561 996 3628 Lupo
1010 3564 1037 3614 et
1048 3560 1167 3615 Maximo
1181 3577 1266 3628 cossa
1284 3561 1394 3615 Bramb.

242 3652 286 3702 151
302 3650 339 3710 (n.
354 3650 412 3712 120)
429 3660 501 3700 anno
515 3647 573 3712 223,
591 3643 710 3699 Maximo
729 3648 758 3700 et
768 3645 882 3699 Aeliano
902 3660 985 3712 coss.;
1004 3643 1114 3700 Bramb.
1128 3648 1177 3700 202
1193 3651 1230 3709 (u.
1246 3651 1304 3710 139)
1322 3661 1394 3700 anno

240 3735 299 3796 230,
317 3731 445 3799 Agricola
457 3735 486 3784 et
498 3730 681 3784 clementiano
693 3746 777 3798 coss.;
796 3731 905 3784 Bramb.
918 3732 968 3782 220
980 3733 1016 3794 (n.
1033 3733 1091 3796 129)
1105 3745 1176 3785 anno
1190 3735 1249 3798 210,
1260 3730 1393 3784 Faustino

239 3820 265 3869 et
284 3814 383 3868 Rufino
401 3830 472 3869 cosa.
491 3843 522 3853 -
541 3814 577 3867 lli
595 3829 687 3868 omnes
699 3813 843 3869 Veteribus
860 3817 909 3869 aut
921 3813 1027 3868 Sanctis
1046 3814 1140 3867 autin
1158 3829 1227 3883 pago
1247 3813 1391 3877 „Birthen“

238 3901 280 3953 vel
299 3899 451 3962 „Berthew
469 3899 569 3967 reperti
587 3901 659 3952 sunt.

324 3988 349 4050 5)
368 3984 399 4037 Iu
419 3983 527 4046 „Mittb
541 3985 566 4038 d.
581 3981 729 4038 Gesellsoh.
743 3982 762 4036 f.
777 3983 870 4037 raterl.
884 3982 1000 4036 Altertb.
1018 3982 1046 4036 in
1061 3983 1157 4036 Besel‘
1175 3983 1194 4036 l.
1208 3999 1234 4050 p.
1251 3987 1288 4035 11.
