3170 4742
311 246 353 303 De
369 248 518 317 legionibus
534 247 718 303 Romanorum
735 248 759 302 1.
777 247 909 304 Minervio
927 252 955 302 et
971 246 1059 304 XXX.
1079 248 1168 318 Ulpia.
1291 249 1330 308 39

173 441 303 488 reamus
326 421 462 504 legionis
491 421 717 504 monumentis,
741 440 824 504 quae
847 420 890 487 ad
912 427 1051 488 aetatem
1081 422 1177 488 bellis
1200 422 1330 490 Daciois

173 524 315 607 priorem
336 523 534 607 pertineant,
562 529 619 589 aut
641 521 786 589 confiteri
808 522 964 590 debemus
986 543 1045 590 uos
1066 524 1148 590 nihil
1171 525 1253 592 scire
1276 531 1332 592 aut

175 626 342 708 conicere,
370 625 426 691 ubi
449 630 523 709 post
544 626 632 692 bella
654 626 776 692 Dacica
797 625 883 708 legio
906 632 1029 692 morata
1051 627 1107 710 sit,
1140 647 1214 694 eam
1234 633 1331 696 autea

174 745 303 812 quoque
325 727 371 793 ibi
393 726 579 794 tetendisse.

259 829 375 913 Neque
397 849 452 911 ea,
483 848 566 911 quae
589 849 631 894 ex
653 828 746 894 titulo
769 828 856 894 VIII.
873 831 956 893 2354
972 832 1013 907 (n.
1032 831 1103 907 191)
1127 831 1351 914 colliguntur,

173 931 251 1014 quia
272 930 316 997 ad
339 931 497 1013 orIginem
517 932 656 1014 legionis
678 930 785 995 XXX.
809 930 928 1012 Ulpiae
951 939 1112 1016 spectant,
1142 934 1236 1015 parvi
1259 940 1332 1000 sunt

173 1035 338 1099 momenti.
382 1033 530 1117 Namque
553 1034 595 1098 M.
618 1033 741 1098 Annius
763 1032 937 1116 Martialis,
966 1034 1022 1115 qui
1043 1039 1231 1101 testamento
1258 1037 1331 1102 titu-

173 1134 242 1200 lum
269 1135 360 1201 illum
392 1135 578 1201 faciundum
608 1135 747 1216 curavit,
780 1135 918 1218 primum
949 1135 1079 1218 quidem
1108 1137 1201 1203 miles
1228 1134 1331 1203 factus

174 1238 279 1302 estin
304 1237 432 1320 legIone
456 1238 512 1303 111.
535 1237 691 1319 Augusta,
716 1256 799 1318 quae
822 1242 889 1302 tum
912 1237 945 1302 in
967 1237 1077 1304 Africa
1099 1245 1183 1322 erat3
1213 1238 1332 1305 deinde

173 1339 207 1404 in
229 1340 315 1406 alam
337 1341 586 1421 Pannoniorum,
614 1358 697 1422 quae
720 1339 847 1422 etipsa
869 1339 901 1404 in
923 1339 1035 1406 AfrIoa
1057 1346 1136 1421 erat,
1159 1341 1331 1407 translatus

174 1442 262 1507 etin
284 1442 467 1526 dupliciarii
492 1447 524 1507 et
546 1441 728 1508 decurionis
750 1440 896 1507 ordinem
918 1448 1090 1525 provectus
1113 1441 1156 1507 ad
1170 1442 1330 1524 legionem

173 1545 326 1610 remissus
356 1546 487 1627 viteque
517 1549 697 1610 exstructus
717 1549 779 1610 est.
825 1544 925 1610 Vides
949 1545 1046 1626 igitur
1068 1544 1208 1611 Annium
1231 1544 1275 1611 ad
1297 1544 1332 1610 id

174 1646 329 1728 temporis
352 1646 385 1709 in
407 1646 518 1711 Africa
540 1664 668 1728 semper
691 1663 763 1711 esse
785 1651 958 1727 versatum,
982 1665 1078 1728 quem
1102 1647 1170 1713 eius
1193 1648 1332 1729 patriam

174 1745 275 1814 fuisse
303 1755 335 1814 et
366 1748 467 1814 tribus
490 1746 626 1825 Quirina
655 1746 777 1813 iudicat
806 1752 838 1812 et
865 1746 962 1812 facile
985 1766 1024 1813 eo
1047 1747 1215 1830 probatur,
1245 1747 1332 1830 quod

172 1856 248 1933 post
270 1849 443 1918 honestam·
462 1851 646 1917 missionem
670 1855 837 1932 acceptam
862 1849 977 1916 eodem
999 1848 1105 1915 rediit.
1121 1851 1143 1927 ¹)
1212 1928 1214 1934 Ι

260 1951 429 2030 Quomodo
452 1959 560 2019 autem
582 1952 702 2019 factum
726 1971 797 2020 esse
817 1952 956 2035 putabis,
979 1958 1015 2018 ut
1036 1953 1141 2019 subito
1166 1971 1208 2018 ex
1221 1953 1333 2020 Africa

174 2052 207 2118 in
221 2055 381 2138 legionem
398 2055 505 2120 XXX.
521 2055 653 2139 Ulpiam
669 2054 903 2136 transferretur,
919 2073 1016 2137 quarn
1031 2054 1075 2120 ad
1087 2055 1228 2120 Danuvii
1244 2057 1332 2138 ripas

174 2156 232 2221 illa
246 2163 353 2222 aetate
368 2156 655 2222 tetendissemodo
672 2155 778 2221 eonati
793 2174 902 2219 sumus
924 2154 1166 2220 demonstrare?
1188 2154 1238 2220 Ita
1253 2153 1333 2220 mihi

175 2257 308 2337 quidem
323 2256 450 2322 videtur
465 2275 517 2321 res
531 2257 628 2321 facile
642 2275 738 2337 posse
754 2255 920 2339 explicari,
944 2261 979 2320 ut
993 2255 1035 2321 ad
1051 2256 1155 2338 ipsam
1171 2256 1333 2340 legionem

176 2357 283 2421 XXX.
300 2357 430 2440 Ulpiam
451 2356 707 2422 constituendam
722 2355 764 2421 M.
781 2356 922 2421 Annium
942 2355 1122 2423 Martialem
1145 2360 1332 2425 arcessitum

177 2478 248 2525 esse
264 2459 418 2524 dicamus.
456 2458 596 2523 Maxime
612 2459 698 2523 enim
713 2457 833 2523 idonea
855 2463 924 2522 erat
946 2459 1033 2539 legio
1048 2458 1106 2522 III.
1122 2458 1269 2540 Augusta
1290 2461 1332 2525 ad

176 2562 379 2627 centuriones
401 2561 597 2643 militesque,
621 2560 737 2642 quibus
760 2559 804 2625 ad
821 2579 940 2625 novam
955 2560 1116 2642 legionem
1132 2561 1333 2628 conseriben-

176 2663 250 2729 dam
275 2683 355 2747 opus
379 2670 458 2747 erat,
482 2682 540 2747 pro
564 2682 623 2728 sua
645 2668 737 2746 parte
759 2660 942 2740 mittendos,
966 2681 1038 2728 cum
1061 2662 1249 2745 provinciae
1264 2664 1333 2730 nul-

174 2766 215 2832 lis
245 2774 328 2848 tum,
358 2772 512 2848 quantum
541 2765 675 2848 scimus,
703 2764 843 2831 motibus
872 2764 1019 2829 turbatae
1041 2763 1206 2847 praesidio
1227 2767 1334 2849 posita

175 2879 270 2938 esset.
314 2870 510 2951 Minimeque
533 2867 685 2933 abhorret
707 2867 800 2932 atali
822 2867 1086 2949 interpretatione
1108 2872 1245 2951 tempus,
1270 2889 1333 2952 quo

176 2978 326 3040 exaratus
355 2980 404 3038 est
432 2971 557 3053 titulus,
587 2989 687 3036 annus
718 2969 868 3034 nimirum
897 2967 1035 3048 scultro
1064 2969 1117 3034 vel
1146 2969 1331 3053 870l1162);

176 3097 239 3159 quo
261 3094 346 3142 anno
370 3095 442 3140 oum
465 3079 636 3138 veteranus
659 3072 722 3136 iam
744 3070 841 3136 fuerit
856 3070 990 3151 Annius,
1013 3068 1094 3134 nihil
1118 3071 1232 3152 obstat,
1256 3091 1332 3154 quo-

175 3181 281 3245 minus
305 3195 492 3244 censeamus
514 3194 598 3240 auno
622 3174 736 3248 852l98
760 3173 978 3239 centurionem
1001 3173 1138 3255 legionis
1154 3172 1260 3239 XXX.
1277 3175 1333 3242 Ul-

175 3283 250 3367 piae
274 3300 346 3347 eum
369 3278 478 3344 fuisse.

262 3383 376 3466 Neque
398 3382 431 3446 in
455 3400 493 3446 eo
516 3377 788 3462 acquiescendum
811 3383 875 3460 est,
906 3376 992 3459 quod
1016 3378 1232 3444 centurionem
1254 3380 1333 3463 legi·

176 3487 247 3553 ouis
261 3485 319 3550 111.
334 3486 417 3566 Aug.
434 3483 476 3549 ad
492 3482 556 3564 leg.
571 3480 679 3545 XXX.
703 3480 835 3564 Ulpiam
858 3479 1113 3546 constituendam
1138 3500 1209 3547 esse
1232 3489 1332 3552 trans·

265 3673 288 3732 1)
306 3666 340 3719 cf.
354 3667 536 3721 Kubitschak:
551 3664 697 3733 Imperium
710 3665 863 3719 Romanum
874 3662 997 3717 tributim
1010 3662 1174 3730 descriptum
1186 3679 1213 3731 p.
1228 3667 1287 3721 271.
1298 3694 1332 3705 —

176 3751 347 3819 Thamugadi
365 3752 481 3819 quidem,
500 3765 554 3818 qua
571 3751 599 3805 iu
618 3751 686 3805 urbe
703 3750 798 3804 titulus
815 3750 843 3802 iu
864 3749 954 3803 lucem
976 3748 1089 3817 prodiit,
1108 3762 1161 3802 non
1186 3754 1228 3803 eat
1245 3750 1332 3806 tribus

176 3837 316 3908 Quirinos,
334 3837 381 3890 sed
393 3837 526 3906 Papiriae.
562 3835 650 3890 Urbes
662 3839 752 3889 autem
766 3833 898 3889 finitimae
909 3832 983 3889 haud
994 3846 1100 3901 paucae
1111 3833 1193 3888 tribui
1206 3833 1332 3902 QuirInae

175 3923 331 3992 adscriptae
350 3925 421 3976 suut.

266 4012 293 4076 2)
312 4006 347 4061 oi,
360 4005 431 4059 inira
443 4023 470 4075 p.
484 4010 514 4060 41
530 4009 558 4061 et
569 4005 630 4061 adn.
643 4011 668 4061 4.
