3188 4740
255 259 297 319 36
737 257 801 312 Otto
818 257 948 326 Scbllling

257 453 381 502 summo
397 433 519 500 scelere
535 432 676 513 oblitam,
700 449 772 496 cum
788 428 927 514 duplicis
942 429 1033 496 ducis
1047 448 1126 497 nece
1140 462 1182 474 -
1198 427 1375 495 Hordeonii
1388 431 1408 505 ¹)

257 542 291 601 et
303 533 443 601 Voculae
454 536 477 611 ²)
495 567 534 578 ·—
551 532 784 600 commaculata
799 537 892 598 esset.
924 531 1043 598 Contra
1057 531 1195 614 legionis
1209 531 1280 596 XV.
1296 531 1409 597 Primi·

257 637 374 719 geniae
402 656 442 702 ea
471 655 563 720 pars,
592 653 675 717 quae
703 653 772 696 cum
800 633 906 718 aquito
934 634 968 699 in
996 633 1171 700 Germania
1198 634 1311 700 relicta
1332 642 1410 717 erat,

257 758 321 806 una
351 758 422 806 cnm
451 737 588 819 legionis
612 737 648 801 V.
669 735 817 802 Alaudae
846 735 1025 802 vexillariis
1048 735 1166 802 Vetera
1187 745 1291 803 costra
1319 737 1411 803 bisa

257 840 371 907 Civilis
393 839 531 906 catervis
558 838 733 905 fortissime
760 837 943 914 detenditi)
989 837 1030 903 Et
1058 838 1144 904 fame
1166 839 1236 904 sola
1257 837 1409 906 bostium-

258 961 320 1025 que
342 959 474 1007 numero
497 947 668 1025 superante
680 942 705 1018 4)
733 940 851 1006 factum
874 946 938 1022 est,
966 945 1001 1007 ut
1022 940 1135 1006 castris
1158 940 1276 1006 deditis
1298 941 1331 1006 in
1352 941 1410 1006 im-

256 1043 381 1127 perium
412 1041 591 1108 Galliarum
621 1045 728 1108 iurare
758 1051 953 1124 cogerentur.
1003 1041 1117 1125 Neque
1147 1044 1228 1108 tanti
1255 1044 1409 1108 momenti

256 1151 314 1224 est,
338 1144 425 1228 quod
443 1146 606 1212 vexillarii
629 1145 766 1227 legionis
775 1148 810 1226 4),
834 1145 889 1229 qui
911 1164 983 1211 cum
1005 1143 1129 1211 Vocula
1150 1144 1286 1227 protecti
1308 1150 1408 1227 erant,

256 1247 289 1312 in
318 1246 433 1314 eadem
462 1247 529 1313 fere
557 1267 644 1314 noxa
673 1251 764 1313 erant
792 1266 856 1328 qua
884 1247 1081 1330 „primani‚“
1110 1246 1260 1328 quoniam
1289 1247 1409 1331 aquila,

256 1350 393 1432 legionis
415 1369 549 1430 numen,
579 1368 651 1415 cnm
672 1350 713 1414 iis
735 1368 799 1414 non
820 1349 933 1416 iuerat.
978 1349 1170 1416 Persuasum
1192 1348 1290 1432 igitur
1312 1348 1409 1416 habe·

255 1470 325 1518 mus
354 1453 515 1534 legionem
544 1452 568 1516 l.
592 1451 816 1518 Germanicam
838 1471 858 1516 a
880 1451 1079 1534 Vespasiano
1101 1451 1198 1534 plane
1219 1451 1409 1518 dissolutam

256 1571 343 1636 esse,
373 1553 535 1636 legionem
563 1553 633 1619 XV.
657 1553 885 1635 Primigeniam
914 1553 1043 1618 veniam
1071 1553 1270 1636 impetrasse.
1314 1553 1409 1632 Quod

257 1655 286 1724 si
314 1675 426 1721 verum
455 1663 519 1741 est,
548 1655 632 1722 hanc
660 1656 821 1738 legionem
844 1655 1002 1721 Traianus
1030 1675 1050 1720 a
1078 1655 1188 1720 Nerva
1216 1656 1408 1739 imperatore

255 1759 382 1841 accepit
404 1758 693 1824 undetricesimam.

343 1861 386 1923 At
401 1860 486 1924 unde
508 1861 703 1939 factumest,
726 1864 761 1922 nt
781 1859 918 1939 legionis
941 1857 1011 1923 XV.
1027 1859 1244 1942 Primigeniae
1267 1861 1342 1928 inde
1364 1863 1406 1928 ab

256 1978 339 2026 anno
370 1960 484 2036 824f70
508 1963 785 2024 monumentorum·
804 1977 844 2023 ne
868 1960 1000 2024 minima
1029 1959 1160 2041 quidem
1182 1962 1321 2045 vestigia
1342 1982 1406 2029 ser·

256 2066 332 2127 vata
354 2060 440 2126 sint?
485 2061 618 2128 Constat
646 2061 728 2125 inter
750 2079 860 2126 omnes
882 2061 1046 2128 rarissima
1074 2070 1279 2130 monumenta
1307 2066 1340 2130 in
1361 2066 1407 2133 lu·

257 2182 326 2230 cem
349 2163 494 2248 prodisse
517 2183 625 2229 earum
647 2162 826 2245 legionum,
849 2163 988 2246 quaein
1015 2164 1137 2230 oriente
1159 2166 1407 2252 otenderunm),

256 2325 388 2380 praeceps
406 2313 532 2381 pavidum
551 2327 653 2379 socors,
672 2312 834 2366 aduentante
846 2312 929 2367 Civile
946 2312 1032 2381 raptis
1049 2319 1149 2368 temere
1166 2315 1247 2370 armis
1265 2332 1298 2370 ao
1316 2318 1408 2373 statim

256 2401 372 2466 omissis,
389 2400 417 2454 in
434 2399 526 2466 fugam
543 2401 708 2453 uertuntur“.

344 2491 368 2552 1)
384 2484 420 2539 id.
432 2483 497 2540 ibid.
509 2483 557 2539 IV.
571 2487 611 2538 36.

344 2575 369 2638 2)
386 2570 423 2624 id.
437 2570 501 2625 ibid.
515 2569 562 2625 IV.
575 2573 622 2624 59:
650 2568 704 2630 „Et
728 2567 863 2623 Classicus
886 2566 967 2623 misso
985 2567 1098 2623 Aemilio
1117 2567 1251 2638 Longino,
1269 2569 1404 2624 desertore

255 2656 358 2726 primae
375 2656 497 2722 legionis,
515 2654 624 2708 caedem
641 2653 700 2707 eius
718 2652 887 2708 maturauit“.

342 2743 367 2805 3)
384 2739 422 2793 id.
435 2739 500 2794 ibid.
512 2738 560 2794 IV.
574 2741 662 2805 ttsq„
681 2740 714 2790 28
724 2753 791 2805 sqq„
805 2740 846 2789 35.

341 2828 368 2888 l)
385 2823 550 2889 Accedebat,
572 2820 644 2889 quod
662 2820 768 2875 Vocula
791 2819 955 2889 praesidium
974 2820 1117 2877 Veteribus
1138 2822 1309 2878 constitutum
1328 2837 1401 2877 com·

258 2910 400 2978 minuerat3
414 2907 450 2964 cf.
463 2907 530 2964 Tac.
543 2907 605 2961 hiet.
618 2905 665 2961 IV.
679 2911 726 2960 35:
741 2905 840 2969 „Addit
851 2906 982 2961 exercitui
997 2922 1046 2962 suo
1059 2907 1164 2963 Vocula
1176 2908 1246 2962 millo
1257 2907 1404 2963 delectose

259 2994 355 3066 quinta
372 3002 399 3049 et
416 2994 511 3065 quinta
528 2993 642 3048 decuma
659 2992 809 3060 legionibus
826 2991 900 3062 apud
917 2992 1019 3047 Vetera
1036 2993 1180 3049 obsessis“.

343 3085 368 3146 5)
386 3081 469 3134 Cuius
488 3079 527 3133 rei
545 3083 573 3132 et
589 3077 659 3132 aliae
678 3092 776 3132 causae
793 3080 902 3132 exstant
919 3092 1007 3146 neque
1024 3078 1092 3133 hacc
1110 3078 1274 3146 neglegenda
1291 3079 1404 3142 uidetur,

256 3166 328 3237 quod
337 3165 514 3220 seditionibus
523 3163 663 3230 permultis
673 3162 782 3216 orientis
791 3169 892 3228 gentes,
906 3162 1000 3217 Iudaei
1009 3165 1154 3233 praecipue
1164 3169 1192 3218 et
1200 3164 1303 3232 Parthi,
1314 3165 1406 3219 lurore

255 3256 284 3305 et
294 3249 400 3306 insania
418 3247 509 3302 affecti
520 3247 618 3313 omnia,
637 3260 707 3315 quae
718 3250 766 3301 aut
777 3245 936 3301 altomonte
954 3247 1028 3302 facta
1043 3255 1134 3303 essent
1146 3252 1194 3304 aut
1204 3249 1240 3304 ad
1251 3250 1406 3305 memoriam

256 3350 348 3390 eorum
366 3333 523 3388 servandam
540 3331 637 3387 idonea
654 3331 816 3397 riderentur,
834 3331 960 3386 delebant
972 3336 1000 3388 et
1012 3333 1163 3388 diruebant.
1198 3333 1317 3400 Quarum
1335 3334 1406 3389 sedi·

254 3420 357 3474 tionum
367 3417 563 3473 ferocissimam
572 3424 600 3471 et
608 3416 822 3472 cruentissimam
832 3417 883 3471 sub
893 3417 1012 3473 Traiano
1024 3419 1126 3473 tactam
1135 3434 1195 3473 esse
1206 3419 1284 3473 annis
1296 3419 1407 3490 scultro

255 3503 291 3560 ad
312 3502 422 3572 Slolltd
441 3502 550 3557 Cassius
568 3502 620 3557 Dio
644 3503 720 3556 testie
741 3507 784 3555 est
800 3501 925 3557 LXVIII.
944 3507 990 3568 32,
1006 3509 1032 3558 1:
1055 3508 1103 3560 καὶ
1121 3503 1152 3561 ἐν
1174 3499 1267 3580 τούτῳ
1285 3499 1405 3562 οἱκατὰ

258 3585 388 3664 Κυρήνην
403 3582 531 3646 Ἰουδαῖοι
642 3583 710 3652 τούς
732 3606 764 3643 τε
782 3581 938 3656 Ῥωμαίους
959 3591 1008 3644 καὶ
1027 3584 1094 3654 τοὺς
1103 3579 1244 3661 Ἕλληνας
1267 3586 1407 3662 ἔφθειρον

256 3713 389 3731 .......
409 3665 484 3730 ὥστε
510 3668 562 3738 τὰς
579 3667 674 3737 πάσας
695 3667 745 3729 δύο
768 3675 816 3727 καὶ
834 3670 925 3728 εἴκοσι
947 3670 1085 3746 μυριάδας
1106 3668 1270 3730 ἀπολέσθαι
1292 3679 1353 3730 κτλ.
1372 3706 1403 3714 -

256 3761 292 3815 ct.
305 3759 394 3814 Oroeii
405 3759 495 3814 locum
506 3758 567 3814 VII.
582 3761 621 3824 12,
635 3760 663 3810 6:
685 3757 853 3820 „Incredibili
870 3757 968 3814 deinde
984 3761 1060 3813 motu
1078 3759 1128 3814 sub
1147 3774 1202 3814 uno
1220 3765 1342 3827 tempore
1359 3760 1405 3814 Iu·

256 3844 324 3912 daei,
341 3844 419 3914 quasi
435 3844 511 3898 rabie
528 3843 640 3911 efferati,
658 3857 707 3910 per
730 3841 849 3898 dircrms
866 3847 1000 3898 terrarum
1017 3849 1109 3912 partes
1128 3847 1298 3900 exarserunt.
1334 3844 1406 3900 Nam

255 3935 283 3985 ct
298 3945 347 4001 per
363 3933 448 3983 totam
465 3928 579 3998 Libyam
601 3928 730 3982 adversus
754 3927 858 3982 incolas
875 3928 1046 3984 atrocissima
1068 3929 1139 3984 bclla
1162 3934 1316 3998 gesserunt:
1335 3945 1406 3999 quae

254 4015 323 4072 adeo
340 4021 406 4069 tuno
424 4013 575 4069 interfectis
588 4012 738 4067 cultoribus
757 4012 879 4067 desolato
891 4018 940 4077 est
958 4017 990 4069 ut
1001 4014 1053 4068 nisi
1070 4019 1166 4084 postea
1182 4010 1337 4068 Hadrianus
1349 4014 1405 4068 lm-
