3170 4742
296 265 338 320 De
354 264 505 334 legionibus
524 264 709 319 Romanorum
728 264 749 317 Ι.
769 263 900 318 Mineruia
917 269 945 318 et
962 263 1047 318 XXX.
1068 263 1155 331 Ulpia.
1263 263 1300 320 27

56 432 59 435 ’
150 439 281 507 Aureoli
294 444 400 506 aetate
413 436 610 523 appellatam
622 437 722 503 fuisse
734 436 817 518 ,leg
829 436 854 500 1.
873 437 1062 502 Minervium
1075 436 1266 502 Restitutam
1275 441 1303 515 “;

150 562 297 609 nummus
328 541 430 622 enim,
461 540 515 622 qui
538 538 585 605 sio
608 537 724 605 dieitur
745 538 844 605 fuisse
868 539 1049 621 inscriptus,
1076 558 1140 604 non
1162 539 1226 604 iam
1250 559 1303 604 ex·

150 651 213 713 stat
227 663 331 728 neque
347 661 499 724 umquam
515 640 642 706 videtur
657 641 829 724 exstitisse,
853 647 885 706 et
899 641 932 706 in
948 641 1066 724 tegula,
1091 660 1184 723 quum
1202 639 1304 724 affert,

151 746 177 808 Ι.
194 748 220 811 Ε
236 741 262 810 G
281 749 288 806 l
309 743 358 806 Μὶ
380 744 464 810 male
487 743 564 825 legit
587 743 655 809 sine
678 742 776 809 dubio
801 743 852 819 (of.
868 743 950 809 infra
966 763 1034 828 oap.
1050 743 1111 820 V.).
1158 741 1305 809 Ceterum

151 850 296 918 conferas
321 867 440 931 quaeso
463 845 600 911 indioem
618 846 841 928 cognominum
864 846 964 912 titulis
980 845 1150 912 adiectum.

346 1124 364 1196 ξ
388 1120 416 1182 3.
462 1117 518 1182 De
543 1116 703 1199 origine
725 1116 900 1183 militum
922 1117 1110 1199 legionis.

238 1239 366 1322 Duplici
392 1237 432 1303 de
461 1256 560 1303 eausa
587 1256 693 1319 pauoa
722 1235 893 1318 habemus,
923 1255 1005 1319 quae
1029 1236 1070 1302 de
1091 1238 1197 1320 patria
1225 1237 1306 1301 mili·

150 1350 215 1410 tum
231 1340 397 1407 addamus.
427 1337 569 1416 Quarum
585 1339 687 1404 altera
703 1345 760 1420 est,
779 1338 865 1421 quod
881 1339 1096 1405 Mommsenus
1113 1338 1195 1404 hano
1210 1357 1306 1421 quae·

151 1446 285 1513 stionem
313 1449 377 1508 tam
400 1442 560 1524 sagaciter
582 1441 790 1525 pertractavit
802 1442 841 1523 ¹),
871 1447 922 1524 ut,
951 1461 1047 1524 quam
1071 1442 1225 1506 rationem
1250 1442 1307 1505 im·

24 1591 26 1595 -
150 1553 314 1632 penatores
330 1546 362 1610 in
378 1544 498 1610 dileotu
520 1543 715 1610 instituendo
739 1545 839 1610 seouti
856 1545 928 1626 sint,
952 1545 1015 1608 iarn
1032 1549 1152 1627 pateat.
1197 1544 1309 1609 Altera

152 1669 249 1716 eausa
271 1648 304 1712 in
327 1666 365 1712 eo
388 1646 495 1728 posita
518 1651 583 1728 est,
614 1646 699 1728 quod
722 1646 877 1711 rarissimi
904 1651 977 1711 sunt
999 1647 1098 1727 tituli,
1129 1646 1308 1729 exquibus

152 1753 228 1819 oerti
253 1748 331 1833 quid
353 1748 394 1813 de
416 1748 520 1832 patria
542 1746 678 1811 militum
704 1745 796 1812 huius
819 1746 957 1829 legionis
979 1747 1158 1830 colligatur.
1203 1748 1308 1831 Atque

151 1856 290 1938 primurn
313 1851 455 1935 quidem,
479 1850 505 1916 si
522 1849 683 1915 titulorum
699 1850 825 1932 copiam
849 1850 1046 1933 spectaretis
1069 1855 1239 1933 teoumque
1260 1871 1307 1916 re-

151 1956 316 2045 putaveris
340 1973 381 2019 ex
403 1952 538 2018 aliarum
563 1951 725 2034 legionum
748 1952 848 2018 titulis
871 1954 969 2018 multo
992 1953 1086 2036 plura
1108 1952 1149 2018 de
1172 1953 1309 2018 militum

152 2060 257 2143 patria
286 2075 381 2141 posse
405 2054 496 2136 elioi,
526 2054 663 2120 fortasse
686 2054 775 2120 diues
799 2053 860 2120 hoo
882 2056 996 2120 mirum
1024 2056 1055 2119 in
1079 2055 1209 2121 modum
1232 2063 1309 2122 tem-

152 2182 264 2246 porum
282 2159 449 2243 iniquitate
465 2156 633 2222 aooidisse.
664 2155 729 2221 Sed
746 2158 896 2239 quoniam
914 2156 1000 2223 idem
1016 2159 1153 2223 ooourrit
1165 2159 1197 2222 in
1209 2159 1309 2224 titulis

153 2264 289 2346 legionis
304 2261 411 2325 XXX.
428 2259 544 2343 Ulpiae
568 2259 618 2332 (of.
638 2259 721 2323 inira
736 2278 805 2340 oap.
823 2259 862 2323 ll.
880 2261 898 2334 ξ
915 2262 955 2342 3),
978 2260 1044 2324 alia
1060 2279 1157 2326 eausa
1179 2261 1308 2326 investi·

154 2364 262 2448 ganda
285 2369 333 2429 est
354 2368 450 2444 atque
474 2380 521 2442 ea,
550 2379 632 2442 quae
655 2360 698 2425 ad
720 2367 886 2443 utramque
908 2362 1028 2444 pariter
1051 2361 1187 2445 quadret
1208 2362 1308 2446 legio·

155 2487 244 2550 nem,
268 2467 386 2549 quippe
409 2483 492 2547 quae
516 2482 573 2546 per
596 2463 725 2529 saeoula
747 2463 779 2527 in
803 2462 916 2529 eadem
939 2463 1111 2530 tetenderit
1132 2466 1309 2548 provinoia.

242 2567 333 2646 Quae
356 2586 453 2650 eausa
475 2564 572 2648 plane
596 2567 627 2629 in
650 2571 797 2647 promptu
820 2564 899 2629 mihi
922 2565 1049 2632 videtur
1072 2585 1152 2633 esse.
1198 2567 1307 2634 Utrae·

154 2692 216 2755 que
232 2671 317 2736 enim
332 2670 476 2752 legiones
493 2673 630 2733 exeunte
646 2667 775 2732 demum
793 2669 920 2734 saeculo
936 2669 1039 2753 primo
1064 2668 1212 2735 conditae
1228 2675 1309 2752 sunt,

154 2777 244 2842 ouius
272 2772 426 2856 temporis
456 2771 608 2854 perpauci
638 2789 746 2836 earum
775 2771 859 2836 tituli
889 2777 1024 2837 exstant.
1076 2771 1142 2838 Sed
1172 2771 1246 2838 inde
1270 2772 1311 2837 ab

154 2874 312 2940 Hadriani
334 2879 456 2954 aetate,
485 2879 520 2937 ut
544 2873 757 2939 Mommsenus
780 2874 956 2940 luculenter
980 2874 1212 2941 demonstravit
1234 2875 1255 2939 l.
1280 2876 1312 2957 l.,

155 2977 230 3040 talis
252 2976 415 3054 legionum
438 2973 574 3039 dileotus
596 2974 758 3038 institutus
782 2979 838 3055 est,
867 2980 900 3038 ut
922 2994 963 3038 ex
985 2977 1065 3057 ipsa,
1089 2977 1122 3039 in
1146 2995 1209 3059 qua
1230 2978 1311 3043 forte

157 3075 340 3156 tendebant,
363 3075 529 3158 provinoia
545 3075 687 3158 ipsisque
706 3075 818 3140 eastris
841 3076 1064 3159 supplementa
1086 3076 1310 3160 deligerentur.

155 3176 227 3255 Quo
251 3177 369 3243 laetum
393 3182 456 3256 est,
480 3182 515 3241 ut
537 3177 643 3260 miles,
672 3197 743 3243 oum
770 3176 803 3243 in
825 3179 931 3261 patria
953 3178 1025 3261 ipsa
1046 3179 1236 3263 plerumque
1259 3182 1311 3247 sti-

155 3280 275 3366 pendia
298 3279 434 3359 faoeret,
459 3278 641 3345 missionem
665 3281 861 3363 perciperet,
886 3281 926 3346 de
949 3281 1017 3346 vita
1039 3281 1225 3367 desederet,
1250 3304 1312 3349 non

156 3385 219 3448 iam
243 3383 276 3446 in
298 3382 399 3447 titulis
423 3380 463 3446 de
487 3382 610 3463 origine
638 3401 697 3447 sua
719 3382 895 3465 quidquam
924 3392 1195 3452 commemoraret.
1241 3384 1311 3463 Quo

156 3491 263 3551 autem
286 3485 439 3567 pauciora
463 3490 590 3550 exstant
612 3485 802 3569 testimonia,
832 3505 870 3552 eo
893 3487 1062 3554 attentiore
1085 3508 1162 3555 oure
1184 3488 1313 3556 studere

158 3592 293 3671 oportet,
317 3586 445 3652 exiliis
469 3588 758 3671 quamplurimum
782 3607 983 3671 oognosoere.

242 3687 349 3771 Atque
379 3690 526 3772 quamvis
561 3696 648 3756 reete
677 3691 835 3756 monuerit
865 3691 1078 3758 Mommsenus
1111 3710 1313 3776 summopere

160 3809 231 3855 esse
254 3790 500 3873 providendum,
524 3811 564 3858 ne
582 3793 715 3857 nimium
738 3793 925 3860 eliceremus
941 3814 982 3858 ex
998 3802 1218 3855 veteranorum
1240 3794 1312 3860 titu-

144 3891 216 3971 lis,
244 3892 339 3957 nimis
367 3900 459 3960 oaute
488 3901 595 3961 tamen
627 3893 704 3959 mihi
734 3894 861 3961 videtur
884 3903 1028 3962 versatus
1058 3915 1127 3963 esse
1157 3897 1189 3961 in
1220 3897 1313 3963 titulo

247 4027 270 4090 l)
288 4022 320 4076 In
337 4023 408 4093 Eph.
422 4040 465 4094 ep.
478 4026 511 4082 V.
525 4044 551 4096 p.
569 4030 715 4096 tes—2313
735 4028 762 4083 in
776 4028 866 4083 Herm.
880 4029 931 4084 vol.
945 4027 1018 4082 XIX.
1031 4045 1059 4096 p.
1075 4032 1165 4084 1-23,
