3188 4740
324 298 367 353 De
383 298 533 366 legionibus
551 298 735 353 Romanorum
752 297 773 351 1.
790 296 924 369 ,Minervia
942 300 970 352 et
986 297 1073 352 XXX.
1092 297 1182 366 Ulpia.
1218 327 1220 331 v
1244 357 1248 366 ,
1286 297 1327 356 73

175 469 327 556 quodam,
349 473 438 538 euius
453 471 627 536 auctoritas
643 476 753 554 utpote
775 471 840 534 iam
862 471 988 553 pridem
1009 471 1119 537 amissi
1135 469 1293 538 Eckhelio
1307 476 1327 550 ¹)

173 581 325 659 suspecta
346 574 416 656 fuit,
440 580 472 638 et
486 574 630 655 tegulae
651 573 720 639 sine
743 572 841 637 dubio
857 573 940 639 male
963 574 1048 640 lecta
1069 575 1168 639 fretus
1190 574 1329 641 coniecit

97 745 102 758 ,
173 678 335 760 legionem
365 676 389 739 I.
420 675 609 740 Minervium
637 675 679 739 ab
707 674 848 740 Aureolo
867 675 1054 742 restitutam
1083 682 1187 742 castro
1215 677 1325 742 Rauri-

173 780 261 845 censi
284 778 468 863 impositam
483 796 565 861 esse,
588 783 674 842 reete
689 796 760 842 sese
783 775 904 842 babere
927 777 1087 858 existimo,
1112 778 1263 860 quoniam
1285 797 1327 844 ex

172 882 267 947 titulo
284 879 430 941 veterani
442 879 586 962 signiferi
608 879 745 960 legionis
760 879 785 943 Ι.
801 879 978 944 Minerviae
993 878 1137 945 Momms.
1154 880 1249 946 Helv.
1265 885 1326 946 279

170 985 213 1059 (n.
239 984 292 1060 99)
316 981 447 1046 minime
473 981 577 1065 ipsam
604 971 766 1063 legionem
794 980 915 1046 ibidem
938 981 1112 1047 tetendisse
1135 982 1326 1049 oonolnden-

172 1086 250 1150 dum
280 1084 337 1174 est.
383 1083 431 1147 lit
458 1083 486 1148 si
513 1102 549 1148 rc
578 1102 657 1148 vera
684 1083 813 1163 tegulae
845 1083 1008 1162 legionum
1037 1083 1062 1147 Ι.
1085 1083 1261 1150 Minerviae
1295 1092 1327 1151 et

171 1185 291 1252 XXX·
308 1185 336 1249 V
351 1217 357 1230 ·
373 1185 411 1249 V·
438 1185 470 1249 in
494 1191 598 1251 castro
621 1185 809 1250 Raurieensi
831 1190 977 1268 repertae
999 1191 1087 1267 sunt,
1114 1192 1238 1269 tamen,
1263 1207 1326 1269 quo

171 1297 317 1373 temporo
336 1293 446 1354 coctae
462 1287 537 1368 sint,
560 1288 593 1351 in
609 1286 715 1352 medio
730 1287 928 1369 relinquitur.
972 1287 1117 1371 Accedit,
1140 1287 1226 1371 quod
1241 1309 1326 1356 anno

172 1378 329 1467 1049'l295
359 1391 520 1472 legionem
544 1389 574 1453 Ἰ.
597 1388 786 1454 Minerviam
816 1389 949 1455 Bonnae
978 1390 1076 1456 fuisse
1105 1391 1164 1456 sub
1192 1383 1324 1457 Aurelio

171 1493 262 1559 Sinto
296 1493 460 1577 praefecto
493 1491 605 1575 lapide
635 1491 762 1557 Bramb.
792 1494 854 1556 467
889 1494 931 1571 (n.
962 1491 1014 1568 28)
1049 1493 1195 1575 quamvis
1229 1493 1325 1560 valde

171 1604 318 1678 corrupto
348 1595 426 1661 satis
453 1594 615 1677 probatur.
659 1593 698 1658 Id
726 1614 823 1659 unum
852 1594 1010 1660 addamus
1038 1594 1184 1676 legiones
1213 1597 1325 1664 ambas

171 1695 319 1762 Gallieno
348 1695 533 1778 imperatori
560 1694 696 1775 favisse,
713 1695 782 1776 qui
812 1713 868 1759 eas
898 1695 932 1756 in
961 1696 1099 1760 nummis
1128 1715 1192 1760 non
1223 1698 1325 1761 solum
1389 1715 1397 1742 ··

171 1797 448 1879 Vl·P·Vl·F·‚
472 1797 650 1864 sedetiam
674 1795 973 1861 VH·P·VII·F·
999 1796 1217 1879 appellanti)

255 1901 365 1983 Usque
380 1900 423 1965 ad
438 1900 527 1965 illaur
542 1905 681 1970 aetatem
698 1918 778 1982 quas
793 1918 844 1964 res
867 1899 1025 1981 gesserint
1040 1898 1195 1982 legiones,
1216 1900 1244 1964 si
1260 1920 1324 1965 non

167 2011 325 2087 perpetuo
348 2003 555 2086 dilucideque
570 2021 764 2085 cognoscere
782 2002 883 2084 licuit,
906 2008 1040 2068 atcerte
1056 2003 1164 2086 specie
1183 2002 1323 2084 quadam

168 2107 313 2171 veritatis
330 2111 385 2169 aut
400 2106 513 2169 saltem
535 2105 774 2186 probabilitatis
796 2103 955 2169 interdum
979 2104 1167 2184 intellegere
1191 2106 1325 2186 contigit

168 2226 210 2270 ex
225 2204 389 2286 lapidibus
411 2204 572 2281 inscriptis
594 2203 805 2283 potissimum,
828 2222 933 2266 rerum
955 2205 1097 2285 ipsarum
1120 2204 1254 2269 testibus
1276 2205 1323 2270 lo·

169 2303 404 2384 cupietissimis.
443 2301 560 2366 Contra
575 2309 752 2384 temporum
771 2321 853 2383 quae
870 2309 1017 2367 secuntur
1033 2312 1238 2371 monumenta
1251 2327 1322 2391 per·

168 2424 241 2469 rare
263 2421 366 2485 eaque
388 2408 454 2467 tam
468 2403 548 2467 vilia
562 2410 617 2467 aut
632 2402 731 2468 dubia
752 2408 889 2485 exstant,
912 2408 946 2467 ut
961 2405 1038 2470 certi
1061 2406 1237 2488 quidquem
1260 2416 1322 2474 sta·

167 2513 257 2573 tuere
279 2526 342 2571 non
364 2504 509 2571 audeam.

252 2608 508 2691 Adquiescamus
536 2608 633 2690 igitur
661 2607 694 2671 in
723 2607 778 2689 iis,
808 2624 891 2688 quae
919 2606 983 2670 iom
1014 2609 1241 2676 enarravimus.
1283 2612 1322 2678 Id

167 2731 263 2777 unum
285 2711 382 2777 liceat
403 2709 526 2776 addere
547 2709 707 2793 legionem
730 2693 754 2773 Ῐ.
775 2708 966 2774 Minerviam
988 2713 1102 2792 postea
1123 2709 1322 2792 deprehendi

167 2817 248 2877 inter
277 2813 442 2894 „legiones
466 2812 699 2879 Comitatenses
726 2811 871 2894 magistri
900 2811 1036 2877 militum
1064 2830 1123 2896 per
1144 2813 1289 2895 Illyrium
1297 2821 1320 2900 ⁴⁴,

165 2913 272 2978 XXX.
289 2914 421 2996 Ulpiam
437 2916 607 2980 Ammiano
623 2915 810 2980 Marcellino
822 2915 846 2989 4)
870 2919 951 2979 teste
973 2915 1033 2979 sub
1056 2912 1264 2983 Constantino
1277 2919 1319 2983 II.

253 3116 276 3180 l)
295 3113 419 3178 Eclrlrel.,
438 3111 507 3166 doct.
521 3128 593 3167 num.
607 3112 667 3167 Vll.
681 3129 707 3182 p.
721 3116 785 3166 465:
807 3110 974 3174 „Boudorius
993 3127 1027 3166 ex
1045 3128 1099 3168 uno
1112 3113 1240 3168 Tristeno
1257 3132 1319 3184 pro·

67 3254 69 3259 ,
165 3200 249 3263 duxit,
268 3198 316 3252 sed
335 3211 461 3266 cuperem
478 3197 513 3251 ab
532 3197 591 3252 aliis
610 3212 716 3265 quoque
735 3199 895 3266 conspectos
913 3197 1161 3266 adprobatosque“:

249 3283 317 3352 Imp.
331 3283 463 3336 Aureolus
477 3283 487 3350 Ι)
498 3281 516 3336 l.
530 3283 552 3336 Ι.
565 3282 629 3338 Min.
645 3282 790 3337 Restituta.

252 3366 485 3434 triectensis:
506 3371 605 3421 reem
625 3369 667 3422 ver
686 3371 781 3420 isere
799 3368 841 3423 vel
859 3370 983 3421 necrus.

249 3459 273 3522 3)
293 3454 398 3516 doben,
418 3451 570 3515 „medailles
587 3451 764 3520 imperialem,
784 3452 937 3507 Gallienus:
959 3467 985 3505 n.
1005 3455 1154 3507 loe-462:
1180 3454 1319 3510 Gallienus

162 3541 232 3607 Aug.
246 3541 256 3606 Ι)
267 3540 318 3604 leg.
331 3539 354 3592 1.
368 3537 435 3591 urin.
449 3536 486 3592 Vl
498 3554 525 3605 p.
539 3536 618 3603 Vli.;
632 3540 760 3605 463sqq.:
777 3537 828 3605 leg.
840 3537 862 3591 1.
875 3537 942 3591 Min.
956 3536 1008 3592 VH
1020 3553 1046 3606 p.
1060 3536 1148 3605 VIlf.;
1168 3543 1317 3594 552-554:

162 3623 213 3688 leg.
232 3621 319 3676 XXX.
337 3623 399 3692 Ulp.
418 3622 456 3677 Vl
475 3639 501 3691 p.
514 3620 593 3685 VIA:
613 3626 762 3676 ees-557:
779 3622 831 3689 leg.
848 3620 936 3677 XXX.
955 3621 1017 3690 Ulp.
1036 3621 1086 3675 VII
1103 3640 1131 3692 p.
1144 3622 1222 3678 Vlli.

249 3709 275 3770 4)
293 3705 400 3760 Etenim
411 3707 571 3761 Ammianus
585 3706 758 3762 Marcellinus
770 3705 870 3761 XVllI.
889 3710 935 3771 9‚3
947 3705 1092 3761 memoriae
1103 3706 1224 3774 prodidit
1235 3709 1315 3764 boec:

164 3789 264 3853 „Cuius
288 3787 381 3858 oppidi
401 3791 591 3855 (semidae)
613 3791 747 3859 praesidio
772 3799 830 3844 erat
854 3806 959 3861 semper
982 3792 1077 3860 quinta
1099 3790 1227 3846 Parthica
1248 3793 1316 3862 legio

162 3875 298 3932 destinata
316 3889 378 3928 eum
398 3872 583 3940 indigenarum
607 3876 697 3929 turma
715 3890 769 3929 non
788 3877 991 3931 contemnenda.
1026 3874 1079 3929 Sed
1101 3879 1168 3932 tune
1191 3877 1316 3946 ingruen-

162 3969 216 4014 tem
234 3960 378 4014 Persarum
396 3957 593 4014 multitndinem
611 3975 659 4015 sex
676 3960 795 4027 legiones
813 3961 912 4030 raptim
929 3961 1065 4030 percursis
1083 3961 1227 4016 itineribus
1239 3968 1316 4017 ante·

161 4058 271 4112 grossae
289 4042 372 4096 muris
389 4041 526 4096 adstetere
543 4043 709 4100 firmissimis.
747 4044 931 4112 Magnentiaci
942 4051 970 4100 et
982 4045 1149 4112 Decentiaci‚
1167 4061 1234 4113 quos
1251 4055 1317 4115 post
