3170 4742
266 281 285 339 8
739 280 802 334 Otto
822 279 951 347 Sohilling

269 455 462 541 imperatore
484 459 576 538 grato
599 454 702 539 ipsius
725 472 903 536 eognomen
928 449 1172 537 „Domitianae“
1197 451 1344 520 additum
1368 459 1426 535 est,

267 557 309 624 de
332 576 396 640 quo
418 556 502 623 intra
523 577 553 640 p.
574 559 612 620 12
635 554 879 640 disputabimus.

354 656 421 725 Sed
438 659 470 741 ii,
495 658 551 742 qui
567 664 760 725 oensuerunt
782 658 943 741 legionem
967 657 1198 725 1151511511
1221 663 1294 742 post
1308 677 1427 724 annum

268 761 384 838 842188
408 777 479 827 5555
502 759 731 843 oonsoriptam,
754 757 901 824 adiuvari
924 757 1074 825 videntur
1095 759 1188 826 titulo
1211 759 1340 825 Bramb.
1364 761 1426 824 080

268 861 312 947 (1.
337 860 391 944 70)
418 864 451 927 11
473 862 560 928 15115
592 859 729 946 „Brohl“
760 868 905 946 reperto,
935 881 1030 946 quem
1054 869 1128 945 post
1149 882 1266 929 annum
1290 863 1426 942 8541100

270 984 340 1033 5555
370 965 509 1048 positum
538 966 666 1032 nomine
696 965 819 1048 Aeutii,
849 965 989 1032 oonsulis
1020 961 1146 1030 suffeeti
1174 967 1249 1032 anni
1280 965 1427 1048 854l100,

271 1068 516 1134 demonstratur.
525 1068 546 1146 ¹)
589 1068 672 1135 Nam
696 1066 757 1135 hoo
780 1068 812 1133 in
835 1067 938 1150 titulo,
962 1086 1057 1150 quem
1079 1067 1242 1133 vexillarii
1265 1070 1428 1152 legionum

271 1171 296 1236 Ι.
317 1170 510 1252 1111511155,
535 1171 588 1236 VI.
612 1169 779 1252 viatricis,
801 1169 842 1234 X.
867 1168 1040 1250 Geminae,
1070 1169 1207 1251 alarum,
1237 1169 1426 1253 cohortium,

271 1273 384 1340 elassis
413 1271 624 1338 Germanioae
654 1270 786 1338 Herouli
809 1269 939 1336 Saxone
970 1276 1150 1352 saorarnnt,
1181 1271 1267 1353 legio
1295 1271 1318 1335 L
1341 1278 1429 1338 earet

271 1376 460 1460 cognomine
485 1374 540 1457 ,Ρ.
555 1371 624 1458 111,
648 1372 732 1439 unde
753 1373 780 1439 si
801 1374 873 1454 quis
896 1372 1088 1439 oonoluserit
1109 1373 1165 1438 illo
1180 1377 1325 1454 tempore
1348 1372 1426 1454 legi-

270 1496 363 1544 onem
380 1477 571 1560 oognomine
587 1475 728 1542 nondum
745 1476 844 1541 fuisse
860 1479 1058 1556 anomalam,
1074 1494 1131 1540 suo
1147 1474 1215 1540 iure
1231 1473 1352 1539 feeerit.
1383 1471 1428 1538 Ut

270 1580 355 1646 eninr
371 1598 428 1661 per
444 1598 478 1644 se
495 1584 744 1646 consentaneum
761 1583 809 1644 est
824 1596 1003 1660 cognomen
1025 1581 1090 1643 tam
1106 1596 1222 1659 rarum,
1245 1583 1311 1642 tarn
1327 1574 1426 1642 hono-

269 1680 393 1748 rifioum
415 1681 474 1747 illa
495 1686 612 1761 aetate,
636 1686 701 1746 tam
731 1681 822 1746 brevi
845 1679 998 1763 temporis
1027 1678 1131 1760 spatio
1154 1682 1228 1760 post
1248 1677 1427 1759 praemium

270 1790 437 1868 aoeeptom
459 1784 641 1850 intermisso
656 1804 720 1850 non
738 1782 868 1865 neglegi
891 1782 923 1847 in
945 1781 1046 1846 titulis
1068 1780 1241 1862 legionum,
1265 1779 1311 1844 ita
1332 1779 1428 1860 plane

269 1883 444 1951 absurdum
467 1890 515 1950 est
537 1886 679 1967 eogitare
701 1885 837 1950 alteram
859 1883 1020 1965 legionem
1043 1882 1075 1946 in
1103 1881 1216 1948 eodem
1239 1880 1330 1946 titulo
1354 1900 1427 1963 oog·

270 1987 397 2052 nomine
413 2005 471 2052 sno
496 1986 550 2068 ,Ρ.
567 1983 622 2050 F.“
648 2005 719 2053 ease
735 1986 928 2068 insignitam,
952 1984 1046 2050 alteri
1062 1984 1208 2066 quamvis
1225 1983 1340 2050 eodem
1355 2002 1429 2065 eog-

270 2089 400 2155 nomine
422 2093 604 2154 exstructae
627 2087 796 2154 dimidium
812 2093 933 2153 tantum
957 2085 1087 2153 honoris
1105 2085 1219 2168 tribui;
1241 2085 1322 2168 legit
1343 2087 1428 2151 enim

270 2190 501 2258 Brambaohins
525 2190 607 2273 „leg
631 2190 654 2254 Ι.
677 2190 719 2256 ill.
744 2187 799 2255 F.“

356 2294 447 2359 Haeo
462 2313 519 2359 suo
536 2294 604 2359 iure
620 2293 737 2376 aliquis
754 2292 955 2374 oonoluserit,
971 2291 1062 2374 dioo;
1086 2289 1144 2356 sed
1159 2289 1337 2374 videamus,
1353 2311 1428 2357 nnm

272 2414 410 2462 revera
438 2395 578 2478 genuina
607 2393 726 2476 lapidis
752 2393 849 2459 fuerit
870 2392 983 2473 leotio,
1016 2411 1111 2474 quam
1135 2389 1367 2458 Brambaolrius
1398 2398 1430 2459 et

272 2503 347 2564 ante
377 2517 449 2564 eum
471 2498 730 2580 Kannegieteros
759 2501 952 2577 statuerunt;
982 2514 1056 2559 nam
1080 2513 1151 2559 oum
1175 2494 1323 2570 „litterae
1345 2496 1429 2562 tituli

275 2601 450 2682 pleraeque
473 2619 582 2666 omnes
606 2599 753 2682 perditae
776 2605 809 2664 et
822 2603 1000 2663 atramento
1022 2594 1174 2662 refiotae“
1197 2597 1271 2678 sint,
1294 2616 1358 2662 non
1381 2616 1428 2664 se-

272 2720 348 2768 euro
378 2702 484 2766 animo
508 2703 540 2766 in
563 2702 619 2783 iis,
647 2720 730 2783 quae
753 2701 814 2764 viri
844 2699 930 2764 dooti
961 2697 1125 2780 viderunt,
1149 2698 1429 2784 acquiescendum,

273 2802 331 2870 sed
373 2801 616 2868 aeouratissima
648 2800 856 2884 indagatione
890 2813 940 2866 rea¹
977 2799 1082 2867 denuo
1114 2801 1307 2883 inquirenda
1340 2805 1431 2880 5511)

274 2905 400 2970 Titulus
417 2902 557 2986 quidem,
574 2903 629 2985 qui
644 2909 790 2970 servatur
806 2903 839 2967 in
855 2903 944 2969 ouria
959 2902 1186 2986 Neomagensi,
1210 2903 1307 2971 hodie
1329 2905 1429 2972 multo

277 3013 326 3074 est
349 3005 527 3089 corruptior
555 3026 651 3089 quam
674 3005 906 3089 Kannegieteri
929 3010 1052 3088 aetate,
1083 3012 1117 3072 ut
1144 3007 1195 3072 vir
1225 3007 1429 3074 doctissimus

277 3110 411 3178 Carolus
432 3109 684 3192 Zangemeister,
708 3109 901 3192 quinorum
925 3109 1004 3175 feeit
1018 3115 1177 3192 eotypum‚
1201 3111 1327 3192 roganti
1350 3110 1430 3175 milri

362 3280 385 3342 1)
403 3275 473 3332 Nam
486 3279 517 3330 ut
530 3273 650 3330 dubitari
661 3275 763 3344 nequit,
782 3274 847 3344 quin
860 3275 976 3330 Acutius
989 3275 1059 3330 idem
1072 3276 1108 3331 sit
1120 3278 1202 3345 atqua
1214 3277 1330 3332 Acutius
1342 3277 1431 3332 Nerva

274 3362 370 3417 oonsul
383 3360 512 3416 suffectus
524 3360 588 3415 anni
601 3361 721 3430 8541100,
739 3361 778 3415 115
796 3361 854 3415 fieri
867 3376 921 3416 non
933 3361 1030 3431 potnit,
1048 3363 1079 3416 ut
1091 3364 1155 3416 anta
1174 3361 1344 3417 oonsulatum
1362 3363 1430 3418 Ger·

273 3447 391 3502 maniam
408 3446 565 3502 Interiorem
583 3450 694 3516 regeret,
712 3447 786 3517 quod
798 3447 1041 3515 Fraudenbergius,
1060 3456 1121 3501 eum
1138 3447 1223 3516 primo
1242 3448 1348 3514 quidam
1366 3465 1430 3505 oon-

273 3531 439 3596 tremuisset,
457 3534 554 3601 postea
578 3533 613 3587 ab
626 3532 761 3589 Urlichsio
780 3533 821 3595 (B.
834 3533 859 3587 J.
878 3537 919 3598 35,
935 3537 982 3586 100
989 3535 1057 3602 sqq.)
1080 3531 1214 3587 refutatus
1236 3535 1369 3589 concessit
1387 3536 1429 3601 (B.

272 3619 298 3675 J.
319 3622 360 3684 38,
373 3620 405 3673 93
416 3620 494 3686 sqq-l.
512 3646 545 3657 -
564 3618 654 3686 Atque
674 3617 860 3686 Ritterlingius
878 3621 913 3687 (p.
933 3621 1027 3687 4011.)
1045 3617 1177 3672 formulae
1195 3633 1281 3686 „quae
1299 3623 1363 3674 sunt
1380 3622 1431 3675 sub

275 3711 362 3762 ....“
383 3719 434 3759 usu
451 3703 611 3772 rationeque
628 3703 657 3758 in
675 3704 761 3758 titulis
779 3704 982 3759 accuratissime
1006 3703 1166 3759 examinatis
1184 3703 1375 3760 demonstrarit
1393 3706 1430 3759 l-

274 3795 369 3860 gatum
387 3803 416 3843 re
433 3803 499 3843 1515
522 3787 607 3844 luisse
625 3790 753 3844 Aeolium
778 3805 864 3859 neque
888 3790 921 3845 (15
939 3804 1049 3844 munere
1071 3789 1219 3859 praepositi
1236 3790 1278 3845 vel
1300 3791 1432 3860 praefecti

274 3890 356 3946 posse
373 3874 493 3944 cogitari.

361 3963 385 4026 1)
405 3960 526 4014 Breviter
539 3974 609 4029 quaa
621 3965 750 4016 secuntur
766 3959 820 4014 iam
839 3960 998 4029 perstrinxit
1015 3960 1201 4030 Ritterlingins
1220 3966 1255 4032 (p.
1275 3963 1382 4018 395111.
1398 3968 1432 4029 5),

278 4061 328 4102 neo
346 4050 437 4101 tamen
455 4046 633 4114 pertractavit
651 4046 835 4115 quaestionem
850 4061 936 4115 neque
954 4045 1118 4102 diiudicarit.
