3188 4740
313 276 356 330 De
373 273 520 342 legionibus
538 274 724 330 Romanorum
741 275 764 329 Ι,
783 272 916 328 Mineruia
934 277 961 328 et
977 269 1065 326 XXX.
1083 269 1171 338 Ulpia.
1280 268 1321 327 35

166 449 243 515 bare
266 447 396 515 studuit.
441 445 508 512 Sed
530 447 636 513 facere
650 465 715 511 non
730 466 872 530 possum,
896 448 974 532 quin
996 445 1142 514 eiusdem
1157 443 1220 510 viri
1235 441 1323 508 docti

167 543 357 618 sententiam
393 548 536 615 reiciam.
592 549 734 614 Primum
769 550 855 615 enim
888 555 993 615 tecum
1028 547 1190 614 deliberes
1223 544 1323 611 velim

167 654 403 736 Vespasianum
420 657 549 735 praeter
563 650 618 716 IV.
635 657 668 718 et
681 651 768 718 XVI.
785 652 917 718 Flavias
932 671 1028 717 unam
1044 650 1146 716 solam
1161 649 1323 730 legionem

168 756 412 839 conscripsisse,
435 753 475 818 11.
499 752 697 820 Adiutricem
720 753 812 836 dico,
842 759 877 818 ut
899 754 1060 821 inlocum
1082 752 1209 818 illarum
1232 757 1322 832 quat

168 868 239 924 tuor
253 863 318 922 tres
334 860 457 920 tantum
472 860 599 920 creatae
615 861 730 922 essent.
768 855 883 938 Neque
899 861 1006 921 tamen
1019 852 1212 937 Vespasiani
1227 851 1322 915 inter·

168 967 238 1034 erat
266 957 426 1024 exercitus
447 957 543 1022 robur
564 959 729 1040 mutilare;
756 958 853 1024 immo
876 958 904 1023 is
927 963 996 1023 erat
1016 976 1122 1023 rerum
1144 960 1261 1038 status,
1289 957 1325 1017 ut

169 1060 311 1144 augendi
333 1058 438 1142 potius
454 1059 614 1126 exercitus
637 1060 747 1126 oblata
770 1066 856 1126 esset
878 1061 1016 1141 occasio,
1038 1057 1228 1142 pracsertim
1251 1075 1323 1122 cum

168 1164 201 1228 in
224 1163 346 1228 oriente
368 1179 419 1227 res
441 1160 538 1228 valde
561 1161 707 1227 turbatae
730 1168 839 1228 essent
860 1162 912 1240 (cf.
936 1181 967 1245 p.
983 1164 1023 1226 37
1045 1159 1119 1226 adn.
1145 1155 1186 1240 1).

254 1262 405 1344 Accedit,
434 1263 522 1346 quod
552 1264 691 1346 simplici
720 1265 844 1330 ratione
867 1284 907 1329 ex
929 1283 1061 1329 numero
1086 1257 1233 1345 ,XXX,“
1259 1278 1322 1342 quo

166 1365 327 1450 legionem
350 1365 482 1448 Ulpiam
498 1365 656 1432 Traiarms
671 1366 862 1450 appellavit,
886 1367 1077 1448 collegimus
1099 1369 1227 1454 praeter
1250 1361 1323 1426 illas

164 1468 408 1550 duodetriginta
421 1467 577 1550 legiones,
594 1487 727 1550 quarum
744 1475 833 1535 certa
848 1467 1004 1535 habemus
1020 1466 1212 1549 testimonia,
1231 1483 1323 1526 coam

164 1571 266 1635 fuisse
296 1569 355 1633 illa
381 1574 504 1649 aetate,
535 1569 624 1633 cuius
652 1575 760 1634 tamen
788 1590 829 1636 nc
858 1571 997 1653 vestigia
1024 1569 1155 1653 quidem
1185 1571 1322 1634 exstant.

167 1672 282 1753 ltaque
312 1669 480 1735 statuimus
508 1669 669 1750 legionem
697 1671 978 1737 undetricesimam
1006 1670 1105 1737 fuisse
1128 1689 1170 1735 ex
1191 1687 1323 1734 numero

168 1791 288 1850 earum,
312 1789 396 1855 quae
416 1769 607 1853 Vespasiani
630 1770 715 1836 bello
739 1771 828 1839 civili
851 1772 884 1837 in
906 1770 1081 1838 Germania
1102 1771 1256 1837 Inferiore
1279 1774 1324 1835 te·

165 1873 345 1941 tenderunt

251 1976 334 2041 Puto
365 1974 463 2057 igitur
489 1976 524 2040 'te
553 1974 633 2040 milri
664 1993 734 2044 esse
756 1996 961 2045 assensurum
990 1977 1160 2045 conicienti
1188 1976 1324 2043 alteram

167 2079 294 2144 illarum
318 2078 484 2160 legionum
506 2077 543 2154 (I.
560 2075 667 2144 Germ.
691 2085 724 2145 et
744 2079 816 2146 XV.
842 2080 953 2158 Prim.)
981 2098 1052 2147 esse
1081 2083 1322 2145 exauctoratum

168 2201 189 2246 a
211 2181 427 2263 Vespasiano,
449 2184 611 2246 servatam
632 2181 777 2247 alteram.
822 2183 891 2247 Iam
913 2182 1137 2265 anquiramus,
1160 2185 1232 2244 utra
1253 2197 1325 2260 gra-

169 2281 261 2346 viore
290 2282 447 2366 supplicio
476 2281 608 2364 dignam
636 2302 672 2348 se
700 2283 901 2366 praebuerit,
931 2284 995 2350 utri
1023 2284 1130 2367 potius
1157 2282 1325 2364 ignoscere

171 2382 314 2464 potuerit
334 2381 559 2464 Vespasianus.
605 2382 676 2461 Qua
704 2387 738 2451 in
760 2406 795 2452 re
817 2405 858 2452 ne
880 2387 1004 2452 minimi
1030 2384 1161 2469 quidem
1183 2381 1325 2464 scrupuli

170 2482 401 2566 relinquuntur.
455 2485 539 2552 Nam
577 2506 618 2553 ex
651 2488 758 2554 Taciti
794 2488 938 2555 historiis
971 2489 1128 2554 evincitur
1162 2484 1325 2567 legionem

168 2586 195 2650 I.
208 2583 434 2654 Germanicam
448 2587 608 2672 inprimis
624 2590 734 2672 utique
750 2609 856 2656 rerum
869 2609 1025 2656 nouarum
1040 2587 1124 2655 adeo
1140 2584 1290 2670 cupidam
1305 2587 1325 2661 ί)

167 2689 283 2772 fuisse,
314 2695 348 2755 ut
365 2691 474 2772 pano
496 2693 638 2758 omnium
666 2693 829 2777 legionum
849 2713 949 2777 neque
971 2692 1038 2758 ulla
1059 2689 1251 2758 necessitate
1274 2703 1324 2747 co-

168 2800 240 2854 octa
255 2798 362 2858 tamen
385 2801 584 2862 sacramento
606 2801 699 2878 rupto
722 2817 793 2863 cum
809 2796 1015 2882 ,civitatibus
1030 2793 1229 2860 Galliarum“
1253 2808 1325 2856 sese

168 2893 378 2973 coniungeret
388 2895 421 2973 2),
445 2892 530 2958 bello
545 2894 633 2967 haud
652 2898 752 2961 semel
776 2897 928 2971 victamss)
951 2901 984 2960 et
998 2896 1139 2959 omnium
1161 2892 1325 2973 legionum

175 3027 377 3038 —...—-——

259 3092 283 3153 1)
302 3088 363 3143 Ηιιο
379 3089 506 3158 pertinet,
525 3090 596 3159 quod
609 3088 720 3146 Tacitus
738 3092 803 3147 hist.
814 3090 837 3146 1.
851 3095 883 3146 55
894 3096 1017 3146 enarrat:
1038 3090 1173 3159 ,primuni
1190 3087 1326 3157 quintani-

170 3191 223 3245 que
240 3175 343 3230 turbidi
360 3172 438 3238 adeo,
455 3180 486 3228 ut
504 3174 613 3244 quidam
625 3191 692 3232 saxa
708 3177 736 3232 in
749 3177 853 3233 Galbae
864 3177 993 3246 imagines
1005 3176 1143 3232 ieceriut“.
1173 3174 1276 3230 Contra
1293 3174 1326 3227 de

170 3262 278 3330 legione
291 3260 351 3315 XV.
363 3259 526 3326 Primigenia
537 3263 681 3316 memoriae
692 3263 824 3331 prodiditz
847 3264 958 3334 ,quiusa
970 3263 1074 3318 decimu
1086 3276 1119 3317 ac
1131 3263 1207 3318 sexta
1222 3257 1325 3314 decima

168 3347 288 3415 legiones
310 3347 377 3400 nihil
395 3345 469 3400 ultra
484 3345 621 3401 fremitum
639 3353 667 3401 et
684 3349 771 3403 minas
794 3363 879 3404 ausae
902 3347 1007 3402 initium
1030 3347 1190 3417 erumpendi
1211 3347 1325 3402 circum-

170 3432 358 3500 spectabant“.

257 3520 283 3584 2)
301 3517 367 3574 Tac.
380 3517 443 3573 hist
457 3517 505 3574 IV.
516 3521 563 3572 37:
579 3517 772 3580 „Centuriones
786 3536 847 3576 cum
859 3519 982 3590 epistulis
994 3520 1030 3575 ad
1042 3521 1165 3576 ciuitates
1176 3519 1325 3574 Galliarum

172 3601 268 3656 misere
287 3605 389 3658 auxilia
405 3618 439 3658 ac
457 3603 594 3674 stipendia
611 3609 763 3661 oraturos“.

260 3689 284 3751 a)
301 3687 371 3740 Nam
390 3703 452 3743 cum
469 3689 593 3745 Bonnam
611 3689 754 3744 defendere
772 3691 842 3757 legio
859 3690 881 3745 I.
899 3690 974 3746 iussa
992 3695 1076 3753 esset,
1098 3688 1166 3741 haec
1183 3690 1253 3740 teste
1270 3684 1325 3738 Ta·

172 3769 225 3824 ⁰51⁰
244 3769 317 3834 (hist.
333 3771 379 3827 lV.
394 3776 437 3838 20)
454 3775 625 3830 acciderunt:
651 3775 833 3838 ,cedentibus
852 3775 941 3843 Belgis
964 3776 1072 3844 pellitur
1093 3771 1163 3840 legio
1181 3774 1210 3827 et
1226 3770 1325 3826 uallum

171 3858 320 3926 portasque
344 3857 442 3925 trepidi
464 3860 601 3926 petebant.
636 3859 674 3914 ibi
696 3861 841 3928 plurimum
865 3860 964 3915 cladis:
989 3859 1142 3914 cumulatae
1165 3857 1325 3926 corporibus

172 3941 264 3997 fossae
281 3956 333 3996 nec
351 3939 435 3996 caede
457 3946 562 4000 tantum
580 3949 608 3999 et
633 3944 803 4011 uulnerlbus,
826 3944 874 4000 sed
896 3945 975 4000 ruina
998 3951 1025 3998 et
1046 3942 1103 3999 suis
1124 3943 1247 4012 plerique
1265 3942 1325 3996 telis

171 4027 324 4083 interimet
343 4057 376 4066 -
389 4027 427 4082 Et
439 4030 520 4098 paulo
532 4030 605 4086 inira
616 4030 685 4085 idem
702 4030 760 4097 (IV.
774 4033 830 4098 ab:
852 4029 928 4101 ,ipsi
945 4035 977 4084 ut
988 4033 1030 4084 est
1042 4029 1137 4098 uulgus
1150 4029 1208 4085 siue
1220 4031 1325 4081 rectore

1138 4116 1170 4166 3*
