3170 4742
297 298 338 353 De
355 295 504 365 legionibus
523 295 707 350 Romanorum
725 294 747 350 1.
765 293 898 349 Mineruia
915 300 943 349 et
960 294 1047 349 XXX.
1067 293 1154 364 Ulpia.
1262 293 1302 352 29

146 472 239 552 Quod
263 491 326 555 quo
350 468 561 537 confidentius
589 467 767 551 credamus,
790 467 882 534 titulo
905 468 1030 534 Aurelii
1052 467 1190 534 Aruseni
1212 467 1249 532 B.
1273 469 1303 535 J.

147 579 198 660 85,
217 578 257 639 65
276 579 320 653 (n.
339 575 392 648 57)
416 572 556 637 maxime
572 590 821 652 commovemur,
845 570 900 652 qui
917 588 958 636 ex
972 569 1092 657 Norico
1108 569 1261 638 oriundus
1271 575 1303 653 ¹),

146 699 220 746 cum
235 678 268 743 in
284 677 412 760 legione
427 675 452 739 Ι.
470 673 626 740 Mineruia
647 672 810 755 stipendia
829 673 969 755 fecisset,
993 678 1129 758 accepta
1150 673 1304 741 missione

146 787 318 849 veteranus
341 779 376 844 in
397 777 477 860 ipsis
500 776 611 843 castris
635 775 858 841 Bonnensibus
887 773 974 840 diem
1006 795 1189 859 supremum
1213 777 1303 842 obiit.

145 884 261 966 Neque
284 901 348 965 quo
374 886 518 963 tempore
546 877 698 945 dilectum
727 877 939 961 legionarium
961 897 1002 944 ex
1027 878 1146 945 Norico
1176 879 1306 963 petierit

146 987 233 1068 legio
252 985 276 1050 1.
292 983 450 1049 Mineruia
472 982 665 1064 ignoramus,
690 1000 761 1048 cum
784 979 868 1045 tituli
884 980 920 1045 B.
937 980 968 1046 J.
985 980 1089 1064 47s48,
1109 984 1165 1045 tiit
1193 987 1234 1060 (ιι.
1253 984 1305 1055 39)

147 1089 274 1154 litterae
289 1085 408 1154 saeculi
431 1083 565 1151 secundi
580 1083 719 1150 ineuntis
734 1101 769 1149 se
784 1101 855 1149 esse
878 1089 1042 1167 testentur,
1065 1090 1100 1150 ut
1114 1105 1176 1151 non
1192 1083 1306 1151 videar

147 1197 266 1257 temere
289 1188 435 1256 conicere
458 1206 588 1254 causam
609 1185 708 1253 fuisse
731 1186 850 1253 bellum
865 1186 1021 1253 Dacicum
1036 1186 1176 1252 Traiani.
1221 1186 1305 1253 Nam

147 1313 218 1360 cum
242 1290 366 1358 duabus
396 1290 483 1356 illius
511 1289 715 1373 imperatoris
745 1288 1005 1372 expeditionibus
1028 1289 1060 1355 in
1083 1289 1190 1356 Dacos
1212 1289 1305 1356 factis

145 1395 232 1478 legio
248 1393 471 1475 interfuerim),
494 1392 589 1458 facile
604 1391 673 1458 fieri
690 1391 803 1474 potuit,
827 1397 861 1457 nt
875 1390 1068 1458 detrimenta
1089 1392 1196 1476 priore
1219 1392 1306 1458 bello

145 1503 280 1580 accepta
301 1516 343 1562 ex
357 1495 468 1562 Norici
490 1495 588 1561 vicini
611 1493 727 1560 finibus
750 1494 987 1561 resarcirentur.
1032 1495 1153 1576 Restat,
1177 1500 1211 1560 ut
1225 1492 1306 1560 Iusti

146 1599 346 1664 frumentarii
367 1597 492 1662 titulum
509 1596 592 1660 Bull.
612 1595 643 1660 d.
661 1615 741 1662 corr.
765 1593 841 1660 hell.
868 1598 960 1678 1889,
977 1598 1038 1660 317
1063 1599 1105 1675 (ιι.
1128 1597 1182 1673 92)
1204 1595 1306 1661 Hera·

148 1701 239 1766 oleae
268 1698 422 1765 Ponticae
455 1716 557 1779 nuper
585 1703 746 1782 repertum
777 1696 950 1780 addamus,
984 1717 1026 1764 ex
1055 1717 1118 1780 quo
1147 1698 1244 1764 etiam
1274 1699 1307 1763 in

147 1803 256 1869 Gallia
271 1800 479 1884 lugdunensi
494 1799 631 1883 legionis
647 1800 671 1864 Ι.
688 1799 865 1865 Minerviae
888 1799 1006 1865 milites
1022 1819 1093 1866 esec
1109 1800 1307 1884 conscriptos

146 1909 291 1989 apparet.

232 2007 347 2089 Itaque
371 2005 399 2071 ei
421 2023 475 2088 ea,
505 2023 588 2086 quse
610 2003 826 2070 Mommsenus
856 2003 1052 2087 composuit,
1083 2023 1153 2071 cum
1183 2005 1306 2088 paucis,

149 2129 233 2194 quae
255 2128 313 2175 nos
336 2106 538 2189 addidimus,
563 2106 782 2188 coniunxeris,
813 2104 894 2172 haec
916 2105 983 2172 iere
1006 2105 1177 2172 statuenda
1199 2114 1307 2173 erunt:

149 2212 230 2277 Indo
252 2211 294 2278 ab
316 2211 409 2276 initio
431 2210 463 2274 in
486 2208 616 2292 legione
638 2208 663 2272 Ι.
686 2207 844 2273 Mineruia
865 2207 963 2274 Italos
973 2210 996 2284 ³)
1019 2207 1182 2292 stipendia
1204 2228 1308 2275 meru-

153 2315 218 2380 isse
233 2312 328 2378 docet
350 2311 589 2394 antiquissimus
605 2311 660 2395 qui
677 2316 822 2377 servatus
839 2317 887 2377 est
902 2310 1040 2393 legionis
1063 2312 1173 2378 titulus
1187 2313 1224 2377 L.
1241 2313 1308 2379 Ma·

150 2415 197 2498 gii
220 2414 317 2480 Dubii
347 2413 397 2487 (cf.
428 2433 525 2498 supra
552 2434 584 2498 p.
610 2415 678 2496 12),
709 2413 763 2495 qui
785 2411 977 2485 ‚Mediolano
1007 2413 1159 2481 oriundus
1190 2413 1308 2482 Oufen-

150 2518 238 2583 tinae
260 2517 357 2583 tribui
378 2516 559 2599 adscriptus
582 2522 659 2583 erat.
697 2515 870 2582 Praeterea
893 2534 935 2581 ex
953 2516 1110 2598 proximis
1133 2518 1309 2600 provinciis

148 2621 214 2687 iam
236 2626 301 2687 tum
325 2620 550 2704 supplementa
572 2619 699 2685 delecta
722 2637 809 2700 esse,
840 2636 1033 2701 quamquam
1057 2619 1215 2702 exemplis
1237 2639 1308 2704 pro-

150 2723 222 2790 bari
244 2743 309 2789 non
331 2724 422 2803 licet,
452 2727 560 2788 tamen
586 2721 707 2789 idcirco
731 2721 800 2786 reri
823 2726 872 2787 est
894 2721 1015 2804 simile,
1047 2719 1135 2804 quod
1164 2721 1308 2788 eiusdem

149 2875 213 2942 post
229 2873 329 2927 bellum
347 2871 479 2925 Dacicum
498 2871 652 2927 confectum
669 2871 801 2939 legionem
820 2870 943 2926 Bonnam
961 2871 1074 2926 redisse.
1096 2901 1125 2910 -
1147 2869 1209 2925 Non
1226 2871 1310 2939 igitur

150 2961 217 3024 apta
228 2956 261 3010 L.
274 2955 476 3023 interpretati03
494 2957 585 3022 potius
604 2955 777 3023 cogitandum
795 2960 836 3009 est
854 2957 978 3010 Anneum
995 2955 1145 3010 Maximum
1163 2971 1196 3011 ex
1208 2956 1309 3012 Norico

150 3040 293 3094 oriundum
310 3045 420 3093 netum
437 3039 557 3107 quidem,
575 3054 636 3093 cum
654 3039 682 3092 in
702 3039 846 3094 Germania
863 3039 993 3095 Inferiore
1011 3043 1174 3106 versaretur,
1192 3045 1308 3098 matrum

150 3123 313 3179 Noricarum
332 3123 434 3178 cultum
452 3123 610 3190 neglexisse.

240 3213 263 3275 1)
281 3207 368 3264 Recte
386 3208 456 3263 enim
472 3212 539 3277 puto
558 3207 692 3263 Kleinium
711 3207 859 3262 coniecisse
876 3208 918 3274 (Β.
934 3207 960 3263 J.
980 3212 1021 3274 85,
1035 3211 1077 3274 65)
1096 3207 1223 3272 ,Turesi“
1243 3209 1309 3266 illud

149 3294 186 3350 sd
198 3295 315 3364 patriam
327 3294 446 3350 Aruseni
460 3293 592 3356 „Turum“
607 3293 741 3359 nimirum,
759 3292 853 3348 Norici
865 3293 1002 3363 oppidum,
1015 3294 1160 3362 pertinere.
1179 3324 1212 3336 -
1225 3294 1309 3352 Oaro-

149 3380 194 3436 lus
206 3379 405 3449 Zangemeister
424 3379 530 3434 censuit
546 3377 754 3447 intellegendum
771 3392 831 3432 esse
848 3393 944 3433 nomen
958 3378 1089 3434 celticum
1108 3380 1205 3437 collato
1219 3380 1309 3437 Orosii

148 3463 211 3521 loco
228 3465 262 3522 V.
282 3470 306 3534 8,
321 3471 344 3520 1.

236 3555 260 3618 2)
278 3550 356 3619 Quod
374 3549 447 3604 intra
465 3564 525 3619 cap.
538 3549 586 3603 111.
606 3551 622 3617 ξ
643 3555 654 3603 1
674 3548 923 3605 Domaszewslrium
941 3551 1028 3605 secuti
1046 3551 1226 3608 ostendemus.

238 3641 263 3704 3)
280 3637 361 3693 Haud
374 3638 432 3693 scio
442 3653 480 3693 on
492 3637 573 3691 liceat
584 3636 714 3692 adhibere
727 3637 835 3692 titulum
848 3636 910 3693 Sex.
922 3636 1011 3706 Magri
1023 3637 1162 3693 Saturnini
1179 3638 1227 3692 IX.
1242 3643 1306 3695 tsst

153 3725 280 3791 (ιι.106);
299 3738 363 3778 nam
381 3739 443 3779 cum
459 3723 542 3778 tribui
554 3722 683 3778 Arniensi
700 3722 746 3776 ille
763 3722 916 3792 adscriptus
936 3723 980 3790 sit,
999 3723 1075 3777 cuins
1093 3721 1179 3791 ipsius
1198 3726 1241 3778 est
1260 3722 1309 3777 Hi·

152 3806 279 3874 etonium,
298 3808 344 3861 ubi
362 3813 563 3863 monumentum
578 3807 706 3864 effossum
725 3813 781 3873 est,
800 3809 948 3864 conicimus
966 3808 1092 3876 ngrum
1113 3807 1141 3861 in
1159 3808 1253 3863 eadem
1271 3809 1309 3864 le-

153 3893 233 3961 gione
245 3893 266 3948 1.
280 3892 413 3948 Mineruia
431 3899 458 3949 et
475 3893 585 3948 militem
603 3893 701 3949 iecisse
720 3893 854 3962 stipendia
872 3894 964 3949 etrite
977 3908 1038 3948 esse
1054 3893 1193 3962 donatum,
1212 3894 1309 3950 deinde

154 3978 246 4035 nescio
264 3992 318 4047 qus
336 3978 369 4032 de
387 3993 471 4033 causa
489 3979 597 4034 domum
615 3978 871 4034 reversnm'derite
888 3979 1046 4035 decessisse.
1060 3979 1201 4049 -Neque
1220 3986 1311 4034 tamen

155 4062 224 4117 certi
242 4063 390 4133 quidquam
408 4065 527 4120 statuere
545 4065 668 4121 audeam.
