<?xml version="1.0" encoding="UTF-8"?>
<!DOCTYPE html PUBLIC "-//W3C//DTD XHTML 1.0 Transitional//EN"
    "http://www.w3.org/TR/xhtml1/DTD/xhtml1-transitional.dtd">
<html xmlns="http://www.w3.org/1999/xhtml" xml:lang="en" lang="en">
 <head>
  <title>
</title>
<meta http-equiv="Content-Type" content="text/html;charset=utf-8" />
  <meta name='ocr-system' content='tesseract 3.04.00' />
  <meta name='ocr-capabilities' content='ocr_page ocr_carea ocr_par ocr_line ocrx_word'/>
</head>
<body>
  <div class='ocr_page' id='page_1' title='image "./delegionibusrom00schigoog_0017.png"; bbox 0 0 3188 4740; ppageno 0'>
   <div class='ocr_carea' id='block_1_1' title="bbox 316 211 1373 332">
    <p class='ocr_par' dir='ltr' id='par_1_1' title="bbox 316 211 1373 332">
     <span class='ocr_line' id='line_1_1' title="bbox 316 211 1373 332; baseline -0.001 -28"><span class='ocrx_word' id='word_1_1' title='bbox 316 211 356 304; x_wconf 80' lang='lat' dir='ltr'>De</span> <span class='ocrx_word' id='word_1_2' title='bbox 373 249 522 332; x_wconf 87' lang='lat' dir='ltr'>legionibus</span> <span class='ocrx_word' id='word_1_3' title='bbox 542 247 725 302; x_wconf 82' lang='lat' dir='ltr'>Romanorum</span> <span class='ocrx_word' id='word_1_4' title='bbox 743 246 766 298; x_wconf 89' lang='grc' dir='ltr'>Ι.</span> <span class='ocrx_word' id='word_1_5' title='bbox 785 246 916 300; x_wconf 85' lang='lat' dir='ltr'>Minervio</span> <span class='ocrx_word' id='word_1_6' title='bbox 934 251 961 300; x_wconf 89' lang='lat' dir='ltr'>et</span> <span class='ocrx_word' id='word_1_7' title='bbox 978 246 1066 300; x_wconf 85' lang='lat' dir='ltr'>XXX.</span> <span class='ocrx_word' id='word_1_8' title='bbox 1087 245 1174 316; x_wconf 89' lang='lat' dir='ltr'>Ulpia.</span> <span class='ocrx_word' id='word_1_9' title='bbox 1304 245 1321 303; x_wconf 82' lang='lat'><strong>7</strong></span> <span class='ocrx_word' id='word_1_10' title='bbox 1371 279 1373 283; x_wconf 66' lang='lat'>,</span> 
     </span>
    </p>
   </div>
   <div class='ocr_carea' id='block_1_2' title="bbox 170 419 1335 2953">
    <p class='ocr_par' dir='ltr' id='par_1_2' title="bbox 170 419 1335 2953">
     <span class='ocr_line' id='line_1_2' title="bbox 258 419 1324 505; baseline -0.001 -17"><span class='ocrx_word' id='word_1_11' title='bbox 258 424 326 490; x_wconf 88' lang='lat' dir='ltr'>Iam</span> <span class='ocrx_word' id='word_1_12' title='bbox 354 423 500 505; x_wconf 83' lang='lat' dir='ltr'>quaestio</span> <span class='ocrx_word' id='word_1_13' title='bbox 524 421 681 504; x_wconf 83' lang='lat' dir='ltr'>exoritur,</span> <span class='ocrx_word' id='word_1_14' title='bbox 711 438 869 502; x_wconf 90' lang='lat' dir='ltr'>quaenam</span> <span class='ocrx_word' id='word_1_15' title='bbox 899 419 964 485; x_wconf 90' lang='lat' dir='ltr'>illis</span> <span class='ocrx_word' id='word_1_16' title='bbox 992 419 1174 502; x_wconf 80' lang='lat' dir='ltr'>legionibus</span> <span class='ocrx_word' id='word_1_17' title='bbox 1197 421 1324 487; x_wconf 91' lang='lat' dir='ltr'>occasio</span> 
     </span>
     <span class='ocr_line' id='line_1_3' title="bbox 172 522 1325 606; baseline -0.004 -13"><span class='ocrx_word' id='word_1_18' title='bbox 172 527 269 594; x_wconf 87' lang='lat' dir='ltr'>fuerit</span> <span class='ocrx_word' id='word_1_19' title='bbox 298 533 420 592; x_wconf 89' lang='lat' dir='ltr'>tantum</span> <span class='ocrx_word' id='word_1_20' title='bbox 449 525 512 591; x_wconf 93' lang='lat' dir='ltr'>sibi</span> <span class='ocrx_word' id='word_1_21' title='bbox 540 522 616 589; x_wconf 91' lang='lat' dir='ltr'>fidei</span> <span class='ocrx_word' id='word_1_22' title='bbox 645 529 678 588; x_wconf 87' lang='lat' dir='ltr'>et</span> <span class='ocrx_word' id='word_1_23' title='bbox 705 522 869 604; x_wconf 86' lang='lat' dir='ltr'>religionis</span> <span class='ocrx_word' id='word_1_24' title='bbox 899 522 1078 604; x_wconf 90' lang='lat' dir='ltr'>praemium</span> <span class='ocrx_word' id='word_1_25' title='bbox 1107 523 1325 606; x_wconf 90' lang='lat' dir='ltr'>comparandi.</span> 
     </span>
     <span class='ocr_line' id='line_1_4' title="bbox 172 624 1326 711; baseline -0.003 -16"><span class='ocrx_word' id='word_1_26' title='bbox 172 630 213 695; x_wconf 80' lang='lat' dir='ltr'>ut</span> <span class='ocrx_word' id='word_1_27' title='bbox 235 629 322 695; x_wconf 86' lang='lat' dir='ltr'>bella</span> <span class='ocrx_word' id='word_1_28' title='bbox 344 627 475 711; x_wconf 87' lang='lat' dir='ltr'>quidem</span> <span class='ocrx_word' id='word_1_29' title='bbox 498 625 657 708; x_wconf 88' lang='lat' dir='ltr'>permulta</span> <span class='ocrx_word' id='word_1_30' title='bbox 672 643 774 707; x_wconf 92' lang='lat' dir='ltr'>eaque</span> <span class='ocrx_word' id='word_1_31' title='bbox 797 624 910 706; x_wconf 58' lang='lat' dir='ltr'>mavia</span> <span class='ocrx_word' id='word_1_32' title='bbox 932 625 1077 690; x_wconf 87' lang='lat' dir='ltr'>invenies</span> <span class='ocrx_word' id='word_1_33' title='bbox 1100 644 1120 690; x_wconf 92' lang='lat' dir='ltr'>a</span> <span class='ocrx_word' id='word_1_34' title='bbox 1141 625 1326 691; x_wconf 91' lang='lat' dir='ltr'>Domitiano</span> 
     </span>
     <span class='ocr_line' id='line_1_5' title="bbox 170 726 1326 809; baseline -0.005 -11"><span class='ocrx_word' id='word_1_35' title='bbox 170 732 280 798; x_wconf 88' lang='lat' dir='ltr'>Nerva</span> <span class='ocrx_word' id='word_1_36' title='bbox 304 730 445 796; x_wconf 78' lang='lat' dir='ltr'>Traiano</span> <span class='ocrx_word' id='word_1_37' title='bbox 475 729 573 794; x_wconf 89' lang='lat' dir='ltr'>variis</span> <span class='ocrx_word' id='word_1_38' title='bbox 604 747 675 794; x_wconf 94' lang='lat' dir='ltr'>cum</span> <span class='ocrx_word' id='word_1_39' title='bbox 704 727 853 809; x_wconf 90' lang='lat' dir='ltr'>gentibus</span> <span class='ocrx_word' id='word_1_40' title='bbox 883 728 981 793; x_wconf 90' lang='lat' dir='ltr'>variis</span> <span class='ocrx_word' id='word_1_41' title='bbox 1009 726 1051 792; x_wconf 95' lang='lat' dir='ltr'>de</span> <span class='ocrx_word' id='word_1_42' title='bbox 1080 728 1186 794; x_wconf 91' lang='lat' dir='ltr'>causis</span> <span class='ocrx_word' id='word_1_43' title='bbox 1209 734 1326 794; x_wconf 88' lang='lat' dir='ltr'>eventu</span> 
     </span>
     <span class='ocr_line' id='line_1_6' title="bbox 170 828 1326 916; baseline -0.003 -17"><span class='ocrx_word' id='word_1_44' title='bbox 170 835 262 900; x_wconf 86' lang='lat' dir='ltr'>vario</span> <span class='ocrx_word' id='word_1_45' title='bbox 286 839 388 916; x_wconf 87' lang='lat' dir='ltr'>gesta,</span> <span class='ocrx_word' id='word_1_46' title='bbox 411 830 469 897; x_wconf 94' lang='lat' dir='ltr'>sed</span> <span class='ocrx_word' id='word_1_47' title='bbox 485 831 616 908; x_wconf 94' lang='lat' dir='ltr'>nullum,</span> <span class='ocrx_word' id='word_1_48' title='bbox 639 830 673 894; x_wconf 94' lang='lat' dir='ltr'>in</span> <span class='ocrx_word' id='word_1_49' title='bbox 697 849 760 912; x_wconf 90' lang='lat' dir='ltr'>quo</span> <span class='ocrx_word' id='word_1_50' title='bbox 783 829 937 911; x_wconf 90' lang='lat' dir='ltr'>pietatem</span> <span class='ocrx_word' id='word_1_51' title='bbox 959 828 1213 912; x_wconf 89' lang='lat' dir='ltr'>fidelitatemque</span> <span class='ocrx_word' id='word_1_52' title='bbox 1228 832 1326 896; x_wconf 89' lang='lat' dir='ltr'>mani·</span> 
     </span>
     <span class='ocr_line' id='line_1_7' title="bbox 173 931 1327 1014; baseline -0.003 -12"><span class='ocrx_word' id='word_1_53' title='bbox 173 934 314 1002; x_wconf 81' lang='lat' dir='ltr'>testandi</span> <span class='ocrx_word' id='word_1_54' title='bbox 329 933 512 1000; x_wconf 76' lang='lat' dir='ltr'><strong>facultatem</strong></span> <span class='ocrx_word' id='word_1_55' title='bbox 524 931 664 1014; x_wconf 82' lang='lat' dir='ltr'>adeptae</span> <span class='ocrx_word' id='word_1_56' title='bbox 676 932 739 998; x_wconf 92' lang='lat' dir='ltr'>sint</span> <span class='ocrx_word' id='word_1_57' title='bbox 750 931 904 1014; x_wconf 81' lang='lat' dir='ltr'>legiones,</span> <span class='ocrx_word' id='word_1_58' title='bbox 919 932 981 998; x_wconf 92' lang='lat' dir='ltr'>nisi</span> <span class='ocrx_word' id='word_1_59' title='bbox 992 931 1184 999; x_wconf 82' lang='lat' dir='ltr'>seditionem</span> <span class='ocrx_word' id='word_1_60' title='bbox 1196 932 1327 999; x_wconf 88' lang='lat' dir='ltr'>Antonii</span> 
     </span>
     <span class='ocr_line' id='line_1_8' title="bbox 170 1032 1327 1119; baseline -0.003 -15"><span class='ocrx_word' id='word_1_61' title='bbox 170 1036 343 1104; x_wconf 85' lang='lat' dir='ltr'>Saturnini.</span> <span class='ocrx_word' id='word_1_62' title='bbox 380 1036 485 1102; x_wconf 89' lang='lat' dir='ltr'>Primo</span> <span class='ocrx_word' id='word_1_63' title='bbox 505 1035 590 1100; x_wconf 91' lang='lat' dir='ltr'>enim</span> <span class='ocrx_word' id='word_1_64' title='bbox 606 1035 736 1101; x_wconf 85' lang='lat' dir='ltr'>saeculo</span> <span class='ocrx_word' id='word_1_65' title='bbox 752 1032 892 1100; x_wconf 93' lang='lat' dir='ltr'>nondum</span> <span class='ocrx_word' id='word_1_66' title='bbox 908 1034 1025 1100; x_wconf 85' lang='lat' dir='ltr'>abusus</span> <span class='ocrx_word' id='word_1_67' title='bbox 1039 1032 1062 1115; x_wconf 85' lang='lat'>¹)</span> <span class='ocrx_word' id='word_1_68' title='bbox 1077 1035 1133 1100; x_wconf 94' lang='lat' dir='ltr'>ille</span> <span class='ocrx_word' id='word_1_69' title='bbox 1148 1041 1327 1119; x_wconf 91' lang='lat' dir='ltr'>temporum</span> 
     </span>
     <span class='ocr_line' id='line_1_9' title="bbox 173 1136 1327 1222; baseline -0.001 -16"><span class='ocrx_word' id='word_1_70' title='bbox 173 1141 384 1222; x_wconf 88' lang='lat' dir='ltr'>posteriorum</span> <span class='ocrx_word' id='word_1_71' title='bbox 412 1140 600 1220; x_wconf 91' lang='lat' dir='ltr'>irrepserat,</span> <span class='ocrx_word' id='word_1_72' title='bbox 632 1145 666 1202; x_wconf 93' lang='lat' dir='ltr'>ut</span> <span class='ocrx_word' id='word_1_73' title='bbox 693 1142 825 1221; x_wconf 88' lang='lat' dir='ltr'>propter</span> <span class='ocrx_word' id='word_1_74' title='bbox 846 1155 897 1203; x_wconf 92' lang='lat' dir='ltr'>res</span> <span class='ocrx_word' id='word_1_75' title='bbox 921 1136 953 1201; x_wconf 91' lang='lat' dir='ltr'>in</span> <span class='ocrx_word' id='word_1_76' title='bbox 981 1137 1067 1203; x_wconf 91' lang='lat' dir='ltr'>bello</span> <span class='ocrx_word' id='word_1_77' title='bbox 1091 1145 1222 1205; x_wconf 84' lang='lat' dir='ltr'>externo</span> <span class='ocrx_word' id='word_1_78' title='bbox 1245 1139 1327 1205; x_wconf 94' lang='lat' dir='ltr'>bene</span> 
     </span>
     <span class='ocr_line' id='line_1_10' title="bbox 171 1236 1329 1326; baseline -0.003 -17"><span class='ocrx_word' id='word_1_79' title='bbox 171 1248 278 1326; x_wconf 92' lang='lat' dir='ltr'>gestas</span> <span class='ocrx_word' id='word_1_80' title='bbox 300 1241 443 1323; x_wconf 84' lang='lat' dir='ltr'>legiones</span> <span class='ocrx_word' id='word_1_81' title='bbox 467 1240 661 1324; x_wconf 91' lang='lat' dir='ltr'>cognomine</span> <span class='ocrx_word' id='word_1_82' title='bbox 687 1240 739 1321; x_wconf 92' lang='lat' dir='ltr'>,P.</span> <span class='ocrx_word' id='word_1_83' title='bbox 765 1236 820 1304; x_wconf 81' lang='lat' dir='ltr'>F.“</span> <span class='ocrx_word' id='word_1_84' title='bbox 847 1245 1043 1320; x_wconf 84' lang='lat' dir='ltr'>ornarentur,</span> <span class='ocrx_word' id='word_1_85' title='bbox 1066 1239 1126 1306; x_wconf 92' lang='lat' dir='ltr'>sed</span> <span class='ocrx_word' id='word_1_86' title='bbox 1148 1261 1237 1308; x_wconf 87' lang='lat' dir='ltr'>rarus</span> <span class='ocrx_word' id='word_1_87' title='bbox 1260 1249 1329 1307; x_wconf 90' lang='lat' dir='ltr'>erat</span> 
     </span>
     <span class='ocr_line' id='line_1_11' title="bbox 171 1342 1327 1426; baseline -0.002 -17"><span class='ocrx_word' id='word_1_88' title='bbox 171 1350 300 1410; x_wconf 89' lang='lat' dir='ltr'>ornatus</span> <span class='ocrx_word' id='word_1_89' title='bbox 324 1349 356 1408; x_wconf 90' lang='lat' dir='ltr'>et</span> <span class='ocrx_word' id='word_1_90' title='bbox 385 1343 500 1425; x_wconf 89' lang='lat' dir='ltr'>plenus</span> <span class='ocrx_word' id='word_1_91' title='bbox 532 1342 664 1426; x_wconf 88' lang='lat' dir='ltr'>propria</span> <span class='ocrx_word' id='word_1_92' title='bbox 689 1342 747 1406; x_wconf 86' lang='lat' dir='ltr'>illa</span> <span class='ocrx_word' id='word_1_93' title='bbox 769 1347 801 1407; x_wconf 90' lang='lat' dir='ltr'>et</span> <span class='ocrx_word' id='word_1_94' title='bbox 823 1343 949 1423; x_wconf 88' lang='lat' dir='ltr'>nativa,</span> <span class='ocrx_word' id='word_1_95' title='bbox 979 1361 1076 1424; x_wconf 86' lang='lat' dir='ltr'>quam</span> <span class='ocrx_word' id='word_1_96' title='bbox 1099 1361 1177 1424; x_wconf 88' lang='lat' dir='ltr'>prae</span> <span class='ocrx_word' id='word_1_97' title='bbox 1200 1362 1234 1408; x_wconf 91' lang='lat' dir='ltr'>se</span> <span class='ocrx_word' id='word_1_98' title='bbox 1257 1342 1327 1424; x_wconf 85' lang='lat' dir='ltr'>fert,</span> 
     </span>
     <span class='ocr_line' id='line_1_12' title="bbox 173 1441 1328 1529; baseline -0.002 -17"><span class='ocrx_word' id='word_1_99' title='bbox 173 1446 330 1529; x_wconf 88' lang='lat' dir='ltr'>dignitate</span> <span class='ocrx_word' id='word_1_100' title='bbox 352 1441 406 1525; x_wconf 85' lang='lat' dir='ltr'>(of.</span> <span class='ocrx_word' id='word_1_101' title='bbox 431 1444 519 1511; x_wconf 86' lang='lat' dir='ltr'>Cass.</span> <span class='ocrx_word' id='word_1_102' title='bbox 546 1445 585 1509; x_wconf 92' lang='lat' dir='ltr'>D.</span> <span class='ocrx_word' id='word_1_103' title='bbox 602 1443 670 1509; x_wconf 85' lang='lat' dir='ltr'>LX.</span> <span class='ocrx_word' id='word_1_104' title='bbox 690 1447 749 1518; x_wconf 82' lang='lat'>15).</span> <span class='ocrx_word' id='word_1_105' title='bbox 795 1444 878 1509; x_wconf 88' lang='lat' dir='ltr'>Nam</span> <span class='ocrx_word' id='word_1_106' title='bbox 900 1445 927 1510; x_wconf 91' lang='lat' dir='ltr'>si</span> <span class='ocrx_word' id='word_1_107' title='bbox 951 1463 1062 1510; x_wconf 91' lang='lat' dir='ltr'>omues</span> <span class='ocrx_word' id='word_1_108' title='bbox 1084 1445 1328 1527; x_wconf 82' lang='lat' dir='ltr'>perlustraveris</span> 
     </span>
     <span class='ocr_line' id='line_1_13' title="bbox 174 1547 1330 1631; baseline 0.001 -18"><span class='ocrx_word' id='word_1_109' title='bbox 174 1549 329 1630; x_wconf 83' lang='lat' dir='ltr'>legiones,</span> <span class='ocrx_word' id='word_1_110' title='bbox 352 1555 417 1613; x_wconf 89' lang='lat' dir='ltr'>tres</span> <span class='ocrx_word' id='word_1_111' title='bbox 440 1553 564 1612; x_wconf 91' lang='lat' dir='ltr'>tantum</span> <span class='ocrx_word' id='word_1_112' title='bbox 586 1547 741 1626; x_wconf 89' lang='lat' dir='ltr'>invenies,</span> <span class='ocrx_word' id='word_1_113' title='bbox 765 1565 848 1627; x_wconf 90' lang='lat' dir='ltr'>quae</span> <span class='ocrx_word' id='word_1_114' title='bbox 863 1547 994 1612; x_wconf 92' lang='lat' dir='ltr'>saeculo</span> <span class='ocrx_word' id='word_1_115' title='bbox 1017 1548 1121 1631; x_wconf 90' lang='lat' dir='ltr'>primo</span> <span class='ocrx_word' id='word_1_116' title='bbox 1141 1548 1330 1630; x_wconf 86' lang='lat' dir='ltr'>cognomine</span> 
     </span>
     <span class='ocr_line' id='line_1_14' title="bbox 178 1645 1330 1732; baseline 0.003 -20"><span class='ocrx_word' id='word_1_117' title='bbox 178 1649 233 1732; x_wconf 90' lang='lat' dir='ltr'>,P.</span> <span class='ocrx_word' id='word_1_118' title='bbox 249 1645 305 1711; x_wconf 63' lang='grc' dir='ltr'><em>Ν</em></span> <span class='ocrx_word' id='word_1_119' title='bbox 324 1653 498 1712; x_wconf 80' lang='lat' dir='ltr'>exornatae</span> <span class='ocrx_word' id='word_1_120' title='bbox 514 1653 599 1710; x_wconf 87' lang='lat' dir='ltr'>sunt:</span> <span class='ocrx_word' id='word_1_121' title='bbox 622 1645 692 1710; x_wconf 89' lang='lat' dir='ltr'>Vll.</span> <span class='ocrx_word' id='word_1_122' title='bbox 710 1653 742 1711; x_wconf 92' lang='lat' dir='ltr'>et</span> <span class='ocrx_word' id='word_1_123' title='bbox 756 1647 814 1709; x_wconf 89' lang='lat' dir='ltr'>XI.</span> <span class='ocrx_word' id='word_1_124' title='bbox 832 1646 994 1728; x_wconf 90' lang='lat' dir='ltr'>Claudias,</span> <span class='ocrx_word' id='word_1_125' title='bbox 1018 1668 1101 1729; x_wconf 91' lang='lat' dir='ltr'>quae</span> <span class='ocrx_word' id='word_1_126' title='bbox 1124 1650 1157 1713; x_wconf 95' lang='lat' dir='ltr'>in</span> <span class='ocrx_word' id='word_1_127' title='bbox 1172 1649 1330 1716; x_wconf 86' lang='lat' dir='ltr'>seditione</span> 
     </span>
     <span class='ocr_line' id='line_1_15' title="bbox 177 1746 1332 1832; baseline 0 -16"><span class='ocrx_word' id='word_1_128' title='bbox 177 1750 266 1816; x_wconf 81' lang='lat' dir='ltr'>Furii</span> <span class='ocrx_word' id='word_1_129' title='bbox 297 1747 424 1814; x_wconf 79' lang='lat' dir='ltr'>Camilli</span> <span class='ocrx_word' id='word_1_130' title='bbox 458 1746 660 1814; x_wconf 89' lang='lat' dir='ltr'>Scriboniani</span> <span class='ocrx_word' id='word_1_131' title='bbox 694 1746 758 1813; x_wconf 87' lang='lat' dir='ltr'>fide</span> <span class='ocrx_word' id='word_1_132' title='bbox 791 1748 1013 1830; x_wconf 91' lang='lat' dir='ltr'>religioneque</span> <span class='ocrx_word' id='word_1_133' title='bbox 1046 1749 1172 1832; x_wconf 91' lang='lat' dir='ltr'>integra</span> <span class='ocrx_word' id='word_1_134' title='bbox 1205 1756 1332 1816; x_wconf 87' lang='lat' dir='ltr'>servata</span> 
     </span>
     <span class='ocr_line' id='line_1_16' title="bbox 174 1849 1330 1936; baseline -0.001 -16"><span class='ocrx_word' id='word_1_135' title='bbox 174 1852 302 1920; x_wconf 82' lang='lat' dir='ltr'>Claudii</span> <span class='ocrx_word' id='word_1_136' title='bbox 326 1851 527 1934; x_wconf 90' lang='lat' dir='ltr'>imperatoris</span> <span class='ocrx_word' id='word_1_137' title='bbox 548 1851 717 1934; x_wconf 94' lang='lat' dir='ltr'>imperium</span> <span class='ocrx_word' id='word_1_138' title='bbox 740 1849 952 1917; x_wconf 86' lang='lat' dir='ltr'>defenderant</span> <span class='ocrx_word' id='word_1_139' title='bbox 961 1852 994 1931; x_wconf 77' lang='lat'>²),</span> <span class='ocrx_word' id='word_1_140' title='bbox 1019 1857 1051 1917; x_wconf 90' lang='lat' dir='ltr'>et</span> <span class='ocrx_word' id='word_1_141' title='bbox 1065 1851 1106 1916; x_wconf 89' lang='lat' dir='ltr'>ll.</span> <span class='ocrx_word' id='word_1_142' title='bbox 1123 1851 1330 1936; x_wconf 83' lang='lat' dir='ltr'>Adiutricem,</span> 
     </span>
     <span class='ocr_line' id='line_1_17' title="bbox 173 1951 1332 2040; baseline -0.001 -18"><span class='ocrx_word' id='word_1_143' title='bbox 173 1975 256 2040; x_wconf 90' lang='lat' dir='ltr'>qnae</span> <span class='ocrx_word' id='word_1_144' title='bbox 279 1955 320 2020; x_wconf 92' lang='lat' dir='ltr'>ab</span> <span class='ocrx_word' id='word_1_145' title='bbox 351 1954 442 2019; x_wconf 90' lang='lat' dir='ltr'>initio</span> <span class='ocrx_word' id='word_1_146' title='bbox 471 1955 541 2037; x_wconf 90' lang='lat' dir='ltr'>ipso</span> <span class='ocrx_word' id='word_1_147' title='bbox 566 1974 586 2019; x_wconf 85' lang='lat' dir='ltr'>a</span> <span class='ocrx_word' id='word_1_148' title='bbox 609 1953 810 2036; x_wconf 88' lang='lat' dir='ltr'>Vespasiano</span> <span class='ocrx_word' id='word_1_149' title='bbox 845 1953 898 2036; x_wconf 90' lang='lat' dir='ltr'>,P.</span> <span class='ocrx_word' id='word_1_150' title='bbox 923 1951 979 2018; x_wconf 58' lang='lat' dir='ltr'>1⁴*ss</span> <span class='ocrx_word' id='word_1_151' title='bbox 1010 1955 1174 2021; x_wconf 90' lang='lat' dir='ltr'>nominata</span> <span class='ocrx_word' id='word_1_152' title='bbox 1205 1955 1332 2023; x_wconf 89' lang='lat' dir='ltr'>videtur</span> 
     </span>
     <span class='ocr_line' id='line_1_18' title="bbox 176 2056 1333 2141; baseline -0.003 -15"><span class='ocrx_word' id='word_1_153' title='bbox 176 2077 248 2126; x_wconf 89' lang='lat' dir='ltr'>esse</span> <span class='ocrx_word' id='word_1_154' title='bbox 259 2059 293 2141; x_wconf 85' lang='lat'>³),</span> <span class='ocrx_word' id='word_1_155' title='bbox 316 2056 403 2140; x_wconf 92' lang='lat' dir='ltr'>quod</span> <span class='ocrx_word' id='word_1_156' title='bbox 426 2058 609 2140; x_wconf 86' lang='lat' dir='ltr'>conscripta</span> <span class='ocrx_word' id='word_1_157' title='bbox 631 2063 700 2123; x_wconf 90' lang='lat' dir='ltr'>erat</span> <span class='ocrx_word' id='word_1_158' title='bbox 722 2077 763 2123; x_wconf 84' lang='lat' dir='ltr'>ex</span> <span class='ocrx_word' id='word_1_159' title='bbox 786 2056 970 2140; x_wconf 82' lang='lat' dir='ltr'>classiariis,</span> <span class='ocrx_word' id='word_1_160' title='bbox 994 2058 1050 2140; x_wconf 92' lang='lat' dir='ltr'>qui</span> <span class='ocrx_word' id='word_1_161' title='bbox 1072 2060 1214 2124; x_wconf 92' lang='lat' dir='ltr'>omnium</span> <span class='ocrx_word' id='word_1_162' title='bbox 1237 2060 1333 2141; x_wconf 91' lang='lat' dir='ltr'>primi</span> 
     </span>
     <span class='ocr_line' id='line_1_19' title="bbox 176 2157 1332 2242; baseline -0.002 -15"><span class='ocrx_word' id='word_1_163' title='bbox 176 2162 219 2227; x_wconf 91' lang='lat' dir='ltr'>ad</span> <span class='ocrx_word' id='word_1_164' title='bbox 235 2159 468 2242; x_wconf 89' lang='lat' dir='ltr'>Vespasianum</span> <span class='ocrx_word' id='word_1_165' title='bbox 491 2157 706 2224; x_wconf 77' lang='lat' dir='ltr'>desciscentes</span> <span class='ocrx_word' id='word_1_166' title='bbox 730 2159 849 2240; x_wconf 88' lang='lat' dir='ltr'>optime</span> <span class='ocrx_word' id='word_1_167' title='bbox 873 2157 913 2223; x_wconf 95' lang='lat' dir='ltr'>de</span> <span class='ocrx_word' id='word_1_168' title='bbox 937 2177 976 2223; x_wconf 87' lang='lat' dir='ltr'>oo</span> <span class='ocrx_word' id='word_1_169' title='bbox 999 2167 1089 2225; x_wconf 87' lang='lat' dir='ltr'>eraut</span> <span class='ocrx_word' id='word_1_170' title='bbox 1112 2160 1226 2225; x_wconf 91' lang='lat' dir='ltr'>meriti.</span> <span class='ocrx_word' id='word_1_171' title='bbox 1270 2159 1332 2225; x_wconf 91' lang='lat' dir='ltr'>Ita·</span> 
     </span>
     <span class='ocr_line' id='line_1_20' title="bbox 177 2259 1333 2344; baseline 0.001 -17"><span class='ocrx_word' id='word_1_172' title='bbox 177 2281 240 2344; x_wconf 91' lang='lat' dir='ltr'>que</span> <span class='ocrx_word' id='word_1_173' title='bbox 257 2281 327 2326; x_wconf 92' lang='lat' dir='ltr'>cum</span> <span class='ocrx_word' id='word_1_174' title='bbox 344 2264 492 2338; x_wconf 89' lang='lat' dir='ltr'>quattuor</span> <span class='ocrx_word' id='word_1_175' title='bbox 508 2277 571 2321; x_wconf 92' lang='lat' dir='ltr'>uno</span> <span class='ocrx_word' id='word_1_176' title='bbox 586 2259 654 2321; x_wconf 87' lang='lat' dir='ltr'>lere</span> <span class='ocrx_word' id='word_1_177' title='bbox 669 2263 812 2338; x_wconf 89' lang='lat' dir='ltr'>tempore</span> <span class='ocrx_word' id='word_1_178' title='bbox 827 2259 972 2338; x_wconf 86' lang='lat' dir='ltr'>legiones</span> <span class='ocrx_word' id='word_1_179' title='bbox 989 2259 1132 2326; x_wconf 91' lang='lat' dir='ltr'>eiusdem</span> <span class='ocrx_word' id='word_1_180' title='bbox 1147 2262 1333 2344; x_wconf 86' lang='lat' dir='ltr'>provinciae</span> 
     </span>
     <span class='ocr_line' id='line_1_21' title="bbox 182 2357 1334 2439; baseline 0.002 -13"><span class='ocrx_word' id='word_1_181' title='bbox 182 2367 213 2426; x_wconf 88' lang='lat' dir='ltr'>et</span> <span class='ocrx_word' id='word_1_182' title='bbox 236 2360 372 2425; x_wconf 87' lang='lat' dir='ltr'>classem</span> <span class='ocrx_word' id='word_1_183' title='bbox 394 2377 457 2422; x_wconf 91' lang='lat' dir='ltr'>una</span> <span class='ocrx_word' id='word_1_184' title='bbox 480 2357 705 2423; x_wconf 81' lang='lat' dir='ltr'>Germanicam</span> <span class='ocrx_word' id='word_1_185' title='bbox 728 2360 822 2439; x_wconf 90' lang='lat' dir='ltr'>(quae</span> <span class='ocrx_word' id='word_1_186' title='bbox 845 2359 915 2424; x_wconf 95' lang='lat' dir='ltr'>sola</span> <span class='ocrx_word' id='word_1_187' title='bbox 936 2361 1075 2426; x_wconf 91' lang='lat' dir='ltr'>omnium</span> <span class='ocrx_word' id='word_1_188' title='bbox 1098 2364 1249 2428; x_wconf 87' lang='lat' dir='ltr'>classium</span> <span class='ocrx_word' id='word_1_189' title='bbox 1274 2363 1334 2428; x_wconf 89' lang='lat' dir='ltr'>boc</span> 
     </span>
     <span class='ocr_line' id='line_1_22' title="bbox 181 2458 1335 2540; baseline -0.002 -12"><span class='ocrx_word' id='word_1_190' title='bbox 181 2463 302 2528; x_wconf 92' lang='lat' dir='ltr'>honore</span> <span class='ocrx_word' id='word_1_191' title='bbox 328 2458 444 2527; x_wconf 86' lang='lat' dir='ltr'>affecta</span> <span class='ocrx_word' id='word_1_192' title='bbox 466 2461 526 2538; x_wconf 84' lang='lat' dir='ltr'>est)</span> <span class='ocrx_word' id='word_1_193' title='bbox 550 2458 665 2525; x_wconf 86' lang='lat' dir='ltr'>eodem</span> <span class='ocrx_word' id='word_1_194' title='bbox 689 2460 878 2540; x_wconf 91' lang='lat' dir='ltr'>cognomine</span> <span class='ocrx_word' id='word_1_195' title='bbox 903 2460 1052 2540; x_wconf 81' lang='lat' dir='ltr'>,Piorum</span> <span class='ocrx_word' id='word_1_196' title='bbox 1074 2460 1254 2527; x_wconf 78' lang='lat' dir='ltr'>Fidelium“</span> <span class='ocrx_word' id='word_1_197' title='bbox 1280 2481 1335 2526; x_wconf 85' lang='lat' dir='ltr'>ox·</span> 
     </span>
     <span class='ocr_line' id='line_1_23' title="bbox 178 2560 1334 2648; baseline 0.002 -19"><span class='ocrx_word' id='word_1_198' title='bbox 178 2569 305 2630; x_wconf 86' lang='lat' dir='ltr'>ornatas</span> <span class='ocrx_word' id='word_1_199' title='bbox 329 2561 427 2628; x_wconf 85' lang='lat' dir='ltr'>fuisse</span> <span class='ocrx_word' id='word_1_200' title='bbox 450 2567 584 2642; x_wconf 89' lang='lat' dir='ltr'>constet,</span> <span class='ocrx_word' id='word_1_201' title='bbox 608 2580 672 2626; x_wconf 93' lang='lat' dir='ltr'>non</span> <span class='ocrx_word' id='word_1_202' title='bbox 688 2561 792 2627; x_wconf 93' lang='lat' dir='ltr'>solum</span> <span class='ocrx_word' id='word_1_203' title='bbox 807 2579 870 2625; x_wconf 91' lang='lat' dir='ltr'>uon</span> <span class='ocrx_word' id='word_1_204' title='bbox 893 2560 1080 2626; x_wconf 89' lang='lat' dir='ltr'>temeritatis</span> <span class='ocrx_word' id='word_1_205' title='bbox 1103 2561 1231 2628; x_wconf 86' lang='lat' dir='ltr'>videtur</span> <span class='ocrx_word' id='word_1_206' title='bbox 1254 2583 1334 2648; x_wconf 89' lang='lat' dir='ltr'>csse,</span> 
     </span>
     <span class='ocr_line' id='line_1_24' title="bbox 179 2661 1334 2748; baseline -0.003 -13"><span class='ocrx_word' id='word_1_207' title='bbox 179 2665 350 2735; x_wconf 85' lang='lat' dir='ltr'>sedetiam</span> <span class='ocrx_word' id='word_1_208' title='bbox 373 2665 589 2732; x_wconf 91' lang='lat' dir='ltr'>necessarium</span> <span class='ocrx_word' id='word_1_209' title='bbox 612 2661 805 2730; x_wconf 86' lang='lat' dir='ltr'>concludere</span> <span class='ocrx_word' id='word_1_210' title='bbox 823 2662 873 2729; x_wconf 92' lang='lat' dir='ltr'>his</span> <span class='ocrx_word' id='word_1_211' title='bbox 889 2661 1036 2730; x_wconf 94' lang='lat' dir='ltr'>omnibus</span> <span class='ocrx_word' id='word_1_212' title='bbox 1052 2670 1183 2748; x_wconf 91' lang='lat' dir='ltr'>propter</span> <span class='ocrx_word' id='word_1_213' title='bbox 1198 2666 1334 2733; x_wconf 89' lang='lat' dir='ltr'>eandem</span> 
     </span>
     <span class='ocr_line' id='line_1_25' title="bbox 178 2764 1334 2852; baseline 0.003 -18"><span class='ocrx_word' id='word_1_214' title='bbox 178 2789 246 2836; x_wconf 89' lang='lat' dir='ltr'>rem</span> <span class='ocrx_word' id='word_1_215' title='bbox 269 2774 392 2851; x_wconf 87' lang='lat' dir='ltr'>gestam</span> <span class='ocrx_word' id='word_1_216' title='bbox 421 2768 547 2850; x_wconf 88' lang='lat' dir='ltr'>insigne</span> <span class='ocrx_word' id='word_1_217' title='bbox 576 2765 657 2832; x_wconf 91' lang='lat' dir='ltr'>illud</span> <span class='ocrx_word' id='word_1_218' title='bbox 679 2785 796 2834; x_wconf 91' lang='lat' dir='ltr'>nomen</span> <span class='ocrx_word' id='word_1_219' title='bbox 824 2785 895 2832; x_wconf 87' lang='lat' dir='ltr'>esse</span> <span class='ocrx_word' id='word_1_220' title='bbox 923 2764 1069 2832; x_wconf 90' lang='lat' dir='ltr'>inditum.</span> <span class='ocrx_word' id='word_1_221' title='bbox 1116 2764 1210 2844; x_wconf 85' lang='lat' dir='ltr'>Quod</span> <span class='ocrx_word' id='word_1_222' title='bbox 1238 2789 1334 2852; x_wconf 91' lang='lat' dir='ltr'>quam</span> 
     </span>
     <span class='ocr_line' id='line_1_26' title="bbox 181 2868 1335 2953; baseline 0.003 -16"><span class='ocrx_word' id='word_1_223' title='bbox 181 2890 292 2937; x_wconf 88' lang='lat' dir='ltr'>verum</span> <span class='ocrx_word' id='word_1_224' title='bbox 314 2871 364 2952; x_wconf 85' lang='lat' dir='ltr'>sit,</span> <span class='ocrx_word' id='word_1_225' title='bbox 388 2870 486 2935; x_wconf 90' lang='lat' dir='ltr'>etiam</span> <span class='ocrx_word' id='word_1_226' title='bbox 508 2868 583 2935; x_wconf 92' lang='lat' dir='ltr'>inde</span> <span class='ocrx_word' id='word_1_227' title='bbox 606 2871 814 2953; x_wconf 89' lang='lat' dir='ltr'>perspicitur,</span> <span class='ocrx_word' id='word_1_228' title='bbox 843 2868 929 2951; x_wconf 90' lang='lat' dir='ltr'>quod</span> <span class='ocrx_word' id='word_1_229' title='bbox 953 2868 1067 2936; x_wconf 90' lang='lat' dir='ltr'>iisdem</span> <span class='ocrx_word' id='word_1_230' title='bbox 1091 2870 1270 2952; x_wconf 88' lang='lat' dir='ltr'>legionibus</span> <span class='ocrx_word' id='word_1_231' title='bbox 1293 2874 1335 2939; x_wconf 92' lang='lat' dir='ltr'>ab</span> 
     </span>
    </p>
   </div>
   <div class='ocr_carea' id='block_1_3' title="bbox 180 3067 1339 4069">
    <p class='ocr_par' dir='ltr' id='par_1_3' title="bbox 180 3067 1338 3561">
     <span class='ocr_line' id='line_1_27' title="bbox 269 3067 1337 3137; baseline 0.007 -17"><span class='ocrx_word' id='word_1_232' title='bbox 269 3071 302 3133; x_wconf 69' lang='grc'><strong>1),</strong></span> <span class='ocrx_word' id='word_1_233' title='bbox 311 3067 340 3121; x_wconf 81' lang='lat' dir='ltr'>Si</span> <span class='ocrx_word' id='word_1_234' title='bbox 353 3067 423 3120; x_wconf 93' lang='lat' dir='ltr'>enim</span> <span class='ocrx_word' id='word_1_235' title='bbox 435 3069 526 3122; x_wconf 88' lang='lat' dir='ltr'>tecum</span> <span class='ocrx_word' id='word_1_236' title='bbox 539 3068 752 3137; x_wconf 88' lang='lat' dir='ltr'>computaveris,</span> <span class='ocrx_word' id='word_1_237' title='bbox 763 3082 895 3137; x_wconf 88' lang='lat' dir='ltr'>quaenam</span> <span class='ocrx_word' id='word_1_238' title='bbox 907 3067 960 3122; x_wconf 91' lang='lat' dir='ltr'>illis</span> <span class='ocrx_word' id='word_1_239' title='bbox 973 3069 1175 3137; x_wconf 85' lang='lat' dir='ltr'>cognominibus</span> <span class='ocrx_word' id='word_1_240' title='bbox 1185 3070 1248 3126; x_wconf 86' lang='lat' dir='ltr'>insit</span> <span class='ocrx_word' id='word_1_241' title='bbox 1260 3072 1337 3127; x_wconf 88' lang='lat' dir='ltr'>viset</span> 
     </span>
     <span class='ocr_line' id='line_1_28' title="bbox 181 3151 1337 3226; baseline 0.003 -18"><span class='ocrx_word' id='word_1_242' title='bbox 181 3153 266 3221; x_wconf 85' lang='lat' dir='ltr'>origo,</span> <span class='ocrx_word' id='word_1_243' title='bbox 280 3151 420 3218; x_wconf 86' lang='lat' dir='ltr'>concedes,</span> <span class='ocrx_word' id='word_1_244' title='bbox 433 3151 522 3220; x_wconf 91' lang='lat' dir='ltr'>credo,</span> <span class='ocrx_word' id='word_1_245' title='bbox 535 3167 581 3208; x_wconf 91' lang='lat' dir='ltr'>eas</span> <span class='ocrx_word' id='word_1_246' title='bbox 594 3155 699 3208; x_wconf 88' lang='lat' dir='ltr'>tautum</span> <span class='ocrx_word' id='word_1_247' title='bbox 708 3168 758 3208; x_wconf 90' lang='lat' dir='ltr'>suo</span> <span class='ocrx_word' id='word_1_248' title='bbox 770 3152 830 3207; x_wconf 90' lang='lat' dir='ltr'>iure</span> <span class='ocrx_word' id='word_1_249' title='bbox 842 3153 881 3208; x_wconf 88' lang='lat' dir='ltr'>sic</span> <span class='ocrx_word' id='word_1_250' title='bbox 895 3167 954 3208; x_wconf 91' lang='lat' dir='ltr'>esse</span> <span class='ocrx_word' id='word_1_251' title='bbox 966 3154 1118 3222; x_wconf 86' lang='lat' dir='ltr'>appellatas</span> <span class='ocrx_word' id='word_1_252' title='bbox 1129 3155 1256 3224; x_wconf 86' lang='lat' dir='ltr'>legiones,</span> <span class='ocrx_word' id='word_1_253' title='bbox 1268 3173 1337 3226; x_wconf 90' lang='lat' dir='ltr'>quae</span> 
     </span>
     <span class='ocr_line' id='line_1_29' title="bbox 183 3237 1338 3310; baseline 0.003 -16"><span class='ocrx_word' id='word_1_254' title='bbox 183 3253 292 3309; x_wconf 91' lang='lat' dir='ltr'>quoquo</span> <span class='ocrx_word' id='word_1_255' title='bbox 310 3237 391 3292; x_wconf 91' lang='lat' dir='ltr'>modo</span> <span class='ocrx_word' id='word_1_256' title='bbox 411 3241 505 3292; x_wconf 88' lang='lat' dir='ltr'>contra</span> <span class='ocrx_word' id='word_1_257' title='bbox 523 3237 712 3305; x_wconf 90' lang='lat' dir='ltr'>imperatorem</span> <span class='ocrx_word' id='word_1_258' title='bbox 729 3238 923 3294; x_wconf 88' lang='lat' dir='ltr'>rebellantibus</span> <span class='ocrx_word' id='word_1_259' title='bbox 947 3239 992 3308; x_wconf 91' lang='lat' dir='ltr'>pio</span> <span class='ocrx_word' id='word_1_260' title='bbox 1009 3239 1134 3310; x_wconf 87' lang='lat' dir='ltr'>fidelique</span> <span class='ocrx_word' id='word_1_261' title='bbox 1152 3241 1241 3296; x_wconf 88' lang='lat' dir='ltr'>animo</span> <span class='ocrx_word' id='word_1_262' title='bbox 1259 3243 1338 3298; x_wconf 90' lang='lat' dir='ltr'>resti·</span> 
     </span>
     <span class='ocr_line' id='line_1_30' title="bbox 182 3321 1338 3398; baseline 0.005 -20"><span class='ocrx_word' id='word_1_263' title='bbox 182 3326 279 3379; x_wconf 87' lang='lat' dir='ltr'>terant.</span> <span class='ocrx_word' id='word_1_264' title='bbox 298 3321 420 3378; x_wconf 85' lang='lat' dir='ltr'>-Nam</span> <span class='ocrx_word' id='word_1_265' title='bbox 438 3322 491 3376; x_wconf 83' lang='lat' dir='ltr'>alia</span> <span class='ocrx_word' id='word_1_266' title='bbox 509 3321 582 3376; x_wconf 84' lang='lat' dir='ltr'>haud</span> <span class='ocrx_word' id='word_1_267' title='bbox 600 3338 688 3392; x_wconf 85' lang='lat' dir='ltr'>pauca</span> <span class='ocrx_word' id='word_1_268' title='bbox 705 3324 734 3378; x_wconf 93' lang='lat' dir='ltr'>in</span> <span class='ocrx_word' id='word_1_269' title='bbox 752 3339 803 3378; x_wconf 91' lang='lat' dir='ltr'>usu</span> <span class='ocrx_word' id='word_1_270' title='bbox 822 3330 899 3378; x_wconf 88' lang='lat' dir='ltr'>erant</span> <span class='ocrx_word' id='word_1_271' title='bbox 916 3325 1082 3394; x_wconf 81' lang='lat' dir='ltr'>cognomine,</span> <span class='ocrx_word' id='word_1_272' title='bbox 1101 3327 1208 3395; x_wconf 92' lang='lat' dir='ltr'>quibus,</span> <span class='ocrx_word' id='word_1_273' title='bbox 1228 3329 1338 3398; x_wconf 90' lang='lat' dir='ltr'>quaein</span> 
     </span>
     <span class='ocr_line' id='line_1_31' title="bbox 182 3407 1338 3483; baseline 0.004 -18"><span class='ocrx_word' id='word_1_274' title='bbox 182 3410 260 3465; x_wconf 88' lang='lat' dir='ltr'>bellis</span> <span class='ocrx_word' id='word_1_275' title='bbox 278 3408 395 3464; x_wconf 85' lang='lat' dir='ltr'>externis</span> <span class='ocrx_word' id='word_1_276' title='bbox 407 3408 488 3463; x_wconf 87' lang='lat' dir='ltr'>laudo</span> <span class='ocrx_word' id='word_1_277' title='bbox 500 3407 594 3477; x_wconf 82' lang='lat' dir='ltr'>dignas</span> <span class='ocrx_word' id='word_1_278' title='bbox 607 3423 637 3462; x_wconf 87' lang='lat' dir='ltr'>se</span> <span class='ocrx_word' id='word_1_279' title='bbox 649 3408 842 3476; x_wconf 87' lang='lat' dir='ltr'>praestiterant</span> <span class='ocrx_word' id='word_1_280' title='bbox 860 3409 987 3479; x_wconf 88' lang='lat' dir='ltr'>legiones,</span> <span class='ocrx_word' id='word_1_281' title='bbox 1004 3413 1183 3468; x_wconf 87' lang='lat' dir='ltr'>ornabantur:</span> <span class='ocrx_word' id='word_1_282' title='bbox 1204 3413 1338 3483; x_wconf 82' lang='lat' dir='ltr'>victricis,</span> 
     </span>
     <span class='ocr_line' id='line_1_32' title="bbox 180 3492 721 3561; baseline 0 -13"><span class='ocrx_word' id='word_1_283' title='bbox 180 3493 280 3559; x_wconf 80' lang='lat' dir='ltr'>Fortis,</span> <span class='ocrx_word' id='word_1_284' title='bbox 297 3493 413 3560; x_wconf 86' lang='lat' dir='ltr'>Firmae,</span> <span class='ocrx_word' id='word_1_285' title='bbox 431 3493 539 3561; x_wconf 85' lang='lat' dir='ltr'>Felicis,</span> <span class='ocrx_word' id='word_1_286' title='bbox 557 3492 721 3549; x_wconf 85' lang='lat' dir='ltr'>Constantis.</span> 
     </span>
    </p>

    <p class='ocr_par' dir='ltr' id='par_1_4' title="bbox 182 3579 1339 3990">
     <span class='ocr_line' id='line_1_33' title="bbox 268 3579 1339 3651; baseline 0.008 -19"><span class='ocrx_word' id='word_1_287' title='bbox 268 3583 293 3646; x_wconf 81' lang='lat'>2)</span> <span class='ocrx_word' id='word_1_288' title='bbox 312 3579 347 3634; x_wconf 86' lang='lat' dir='ltr'>cl.</span> <span class='ocrx_word' id='word_1_289' title='bbox 366 3579 475 3634; x_wconf 84' lang='lat' dir='ltr'>Cassius</span> <span class='ocrx_word' id='word_1_290' title='bbox 495 3579 547 3635; x_wconf 92' lang='lat' dir='ltr'>Dio</span> <span class='ocrx_word' id='word_1_291' title='bbox 560 3579 619 3632; x_wconf 86' lang='lat' dir='ltr'>LX.</span> <span class='ocrx_word' id='word_1_292' title='bbox 636 3585 676 3644; x_wconf 82' lang='lat' dir='ltr'>lt,</span> <span class='ocrx_word' id='word_1_293' title='bbox 689 3582 718 3633; x_wconf 87' lang='lat'>3:</span> <span class='ocrx_word' id='word_1_294' title='bbox 743 3581 879 3646; x_wconf 79' lang='grc' dir='ltr'><strong><em>Κλαύδιος</em></strong></span> <span class='ocrx_word' id='word_1_295' title='bbox 892 3581 922 3638; x_wconf 82' lang='grc' dir='ltr'>δὲ</span> <span class='ocrx_word' id='word_1_296' title='bbox 931 3581 1002 3648; x_wconf 83' lang='grc' dir='ltr'><em>τέως</em></span> <span class='ocrx_word' id='word_1_297' title='bbox 1019 3583 1072 3651; x_wconf 82' lang='grc' dir='ltr'>μὲν</span> <span class='ocrx_word' id='word_1_298' title='bbox 1090 3579 1165 3640; x_wconf 79' lang='grc' dir='ltr'><em>πάνυ</em></span> <span class='ocrx_word' id='word_1_299' title='bbox 1176 3583 1339 3641; x_wconf 73' lang='grc' dir='ltr'><em>κατέσεισεν</em></span> 
     </span>
     <span class='ocr_line' id='line_1_34' title="bbox 182 3657 1339 3739; baseline 0.002 -17"><span class='ocrx_word' id='word_1_300' title='bbox 182 3704 209 3722; x_wconf 89' lang='grc'>..</span> <span class='ocrx_word' id='word_1_301' title='bbox 225 3702 251 3716; x_wconf 83' lang='grc'>..</span> <span class='ocrx_word' id='word_1_302' title='bbox 271 3659 339 3721; x_wconf 85' lang='grc' dir='ltr'><em>τότε</em></span> <span class='ocrx_word' id='word_1_303' title='bbox 363 3665 392 3722; x_wconf 79' lang='grc' dir='ltr'>δὲ</span> <span class='ocrx_word' id='word_1_304' title='bbox 410 3657 619 3738; x_wconf 70' lang='grc' dir='ltr'><em>ἀναθαρσήσας</em></span> <span class='ocrx_word' id='word_1_305' title='bbox 636 3661 704 3730; x_wconf 80' lang='grc' dir='ltr'><em>τοὺς</em></span> <span class='ocrx_word' id='word_1_306' title='bbox 720 3665 773 3734; x_wconf 76' lang='grc' dir='ltr'>μὲν</span> <span class='ocrx_word' id='word_1_307' title='bbox 795 3662 974 3739; x_wconf 79' lang='grc' dir='ltr'><em>στρατιώτας</em></span> <span class='ocrx_word' id='word_1_308' title='bbox 1003 3665 1100 3733; x_wconf 75' lang='grc' dir='ltr'><em>ἄλλοις</em></span> <span class='ocrx_word' id='word_1_309' title='bbox 1118 3667 1150 3724; x_wconf 78' lang='grc' dir='ltr'>τέ</span> <span class='ocrx_word' id='word_1_310' title='bbox 1171 3685 1244 3723; x_wconf 82' lang='grc' dir='ltr'><em>τισιν</em></span> <span class='ocrx_word' id='word_1_311' title='bbox 1262 3666 1339 3739; x_wconf 77' lang='grc' dir='ltr'><em>ἠμεί-</em></span> 
     </span>
     <span class='ocr_line' id='line_1_35' title="bbox 184 3743 1337 3824; baseline 0.005 -21"><span class='ocrx_word' id='word_1_312' title='bbox 184 3765 262 3820; x_wconf 86' lang='grc' dir='ltr'><em>ψατο</em></span> <span class='ocrx_word' id='word_1_313' title='bbox 283 3752 390 3822; x_wconf 76' lang='grc' dir='ltr'><em>καὶτῷ</em></span> <span class='ocrx_word' id='word_1_314' title='bbox 408 3745 443 3806; x_wconf 83' lang='grc' dir='ltr'>τὰ</span> <span class='ocrx_word' id='word_1_315' title='bbox 463 3755 594 3808; x_wconf 67' lang='lat' dir='ltr'>colostrea</span> <span class='ocrx_word' id='word_1_316' title='bbox 614 3743 709 3806; x_wconf 79' lang='grc' dir='ltr'><em>αὐτῶν</em></span> <span class='ocrx_word' id='word_1_317' title='bbox 729 3746 922 3824; x_wconf 81' lang='grc' dir='ltr'><em>στρατόπεδα,</em></span> <span class='ocrx_word' id='word_1_318' title='bbox 940 3749 974 3808; x_wconf 90' lang='grc' dir='ltr'>τό</span> <span class='ocrx_word' id='word_1_319' title='bbox 992 3773 1024 3808; x_wconf 82' lang='grc' dir='ltr'>τε</span> <span class='ocrx_word' id='word_1_320' title='bbox 1036 3748 1163 3824; x_wconf 75' lang='grc' dir='ltr'><em>ἕβδομον</em></span> <span class='ocrx_word' id='word_1_321' title='bbox 1175 3756 1223 3810; x_wconf 82' lang='grc' dir='ltr'>καὶ</span> <span class='ocrx_word' id='word_1_322' title='bbox 1242 3749 1276 3810; x_wconf 86' lang='grc' dir='ltr'>τὸ</span> <span class='ocrx_word' id='word_1_323' title='bbox 1295 3752 1337 3812; x_wconf 78' lang='grc' dir='ltr'>ἑν-</span> 
     </span>
     <span class='ocr_line' id='line_1_36' title="bbox 182 3829 1339 3910; baseline 0.003 -20"><span class='ocrx_word' id='word_1_324' title='bbox 182 3833 312 3898; x_wconf 75' lang='grc' dir='ltr'>δέκατον,</span> <span class='ocrx_word' id='word_1_325' title='bbox 329 3836 377 3888; x_wconf 77' lang='lat' dir='ltr'>aut</span> <span class='ocrx_word' id='word_1_326' title='bbox 397 3837 547 3892; x_wconf 80' lang='grc' dir='ltr'><em>Κλαυδίεια</em></span> <span class='ocrx_word' id='word_1_327' title='bbox 566 3839 615 3892; x_wconf 78' lang='grc' dir='ltr'>καὶ</span> <span class='ocrx_word' id='word_1_328' title='bbox 633 3829 719 3892; x_wconf 80' lang='grc' dir='ltr'><em>πιστὰ</em></span> <span class='ocrx_word' id='word_1_329' title='bbox 737 3839 784 3892; x_wconf 85' lang='grc' dir='ltr'>καὶ</span> <span class='ocrx_word' id='word_1_330' title='bbox 803 3831 906 3908; x_wconf 78' lang='grc' dir='ltr'><em>εὐσεβῆ</em></span> <span class='ocrx_word' id='word_1_331' title='bbox 923 3840 972 3893; x_wconf 85' lang='grc' dir='ltr'>καὶ</span> <span class='ocrx_word' id='word_1_332' title='bbox 989 3832 1064 3910; x_wconf 82' lang='grc' dir='ltr'><strong><em>πρὸς</em></strong></span> <span class='ocrx_word' id='word_1_333' title='bbox 1082 3840 1130 3907; x_wconf 82' lang='grc' dir='ltr'>τῆς</span> <span class='ocrx_word' id='word_1_334' title='bbox 1148 3841 1254 3910; x_wconf 76' lang='grc' dir='ltr'><strong><em>βουλῆς</em></strong></span> <span class='ocrx_word' id='word_1_335' title='bbox 1272 3837 1339 3896; x_wconf 82' lang='grc' dir='ltr'><em>ἐπο-</em></span> 
     </span>
     <span class='ocr_line' id='line_1_37' title="bbox 187 3919 486 3990; baseline 0.007 -18"><span class='ocrx_word' id='word_1_336' title='bbox 187 3919 368 3990; x_wconf 76' lang='grc' dir='ltr'><em>νομασθῆναι</em></span> <span class='ocrx_word' id='word_1_337' title='bbox 385 3934 410 3974; x_wconf 78' lang='grc' dir='ltr'>κ.</span> <span class='ocrx_word' id='word_1_338' title='bbox 423 3939 448 3976; x_wconf 91' lang='grc' dir='ltr'>τ.</span> <span class='ocrx_word' id='word_1_339' title='bbox 461 3925 486 3976; x_wconf 85' lang='grc' dir='ltr'>λ.</span> 
     </span>
    </p>

    <p class='ocr_par' dir='ltr' id='par_1_5' title="bbox 272 4001 583 4069">
     <span class='ocr_line' id='line_1_38' title="bbox 272 4001 583 4069; baseline 0.016 -15"><span class='ocrx_word' id='word_1_340' title='bbox 272 4007 297 4069; x_wconf 86' lang='grc'>3)</span> <span class='ocrx_word' id='word_1_341' title='bbox 315 4003 349 4056; x_wconf 88' lang='lat' dir='ltr'>ol.</span> <span class='ocrx_word' id='word_1_342' title='bbox 362 4001 466 4058; x_wconf 90' lang='lat' dir='ltr'>Ritterl.</span> <span class='ocrx_word' id='word_1_343' title='bbox 479 4004 534 4061; x_wconf 81' lang='lat' dir='ltr'>iud.</span> <span class='ocrx_word' id='word_1_344' title='bbox 548 4005 583 4059; x_wconf 94' lang='lat' dir='ltr'>ll.</span> 
     </span>
    </p>
   </div>
   <div class='ocr_carea' id='block_1_4' title="bbox 0 0 1615 4740">
    <p class='ocr_par' dir='ltr' id='par_1_6' title="bbox 0 0 1615 4740">
     <span class='ocr_line' id='line_1_39' title="bbox 0 0 1615 4740; baseline 0 0"><span class='ocrx_word' id='word_1_345' title='bbox 0 0 1615 4740; x_wconf 95' lang='lat' dir='ltr'> </span> 
     </span>
    </p>
   </div>
  </div>
 </body>
</html>
