3170 4742
275 305 317 359 De
334 304 483 372 legionibus
501 303 683 358 Romanorum
701 304 723 357 Ι.
742 302 875 358 Mineruia
892 306 919 360 et
936 304 1022 358 XXX.
1041 304 1129 374 Ulpia.
1236 303 1274 361 19

125 479 166 544 ab
190 479 258 544 eius
273 497 456 544 successore
479 497 565 543 nova
580 478 665 560 legio
683 483 791 543 creata
807 479 896 554 est.¹)
939 477 977 544 Id
993 477 1124 561 quidem
1148 480 1178 544 ei
1201 498 1274 545 con·

125 580 302 647 cedendum
334 586 382 646 est
405 600 467 647 non
494 586 567 663 post
595 580 819 646 detrimentum
848 581 948 646 ullum
977 587 1143 663 acceptum
1172 600 1272 647 novas

124 685 230 749 statim
255 702 325 749 esse
348 688 477 767 paratas
500 683 653 764 legiones,
677 682 734 748 sed
757 682 864 749 multis
887 702 1043 767 persaepe
1065 683 1156 748 annis
1179 683 1275 749 inter·

123 787 240 869 missis,
265 793 330 852 tum
346 785 505 868 nimirum,
529 804 718 851 cumrerum
734 786 918 869 necessitas,
942 792 976 851 ut
990 785 1158 870 pristinum
1174 785 1272 867 legio·

122 909 198 954 num
221 889 319 954 robur
347 887 579 970 restitueretur,
609 887 786 970 postularet
809 893 840 952 et
862 887 978 953 aerarii
1007 887 1128 969 publici
1160 887 1274 969 copiae

124 989 405 1073 suppeditarentb
450 989 562 1072 Neque
580 1008 657 1056 vero
674 991 776 1056 solum
799 989 877 1055 belli
894 990 1021 1056 casibus
1044 989 1187 1073 legiones
1204 1007 1274 1056 esse

124 1090 304 1174 desierunt,
337 1091 393 1157 sed
424 1095 519 1156 etiam
543 1090 613 1157 fleri
641 1093 758 1175 potuit,
793 1098 828 1156 ut
856 1092 896 1157 ab
923 1092 1115 1174 imperatore
1144 1096 1275 1177 propter

123 1194 245 1259 laesum
268 1199 500 1259 sacramentum
525 1200 827 1276 exauctorarentur,
859 1193 943 1276 quod
966 1213 1079 1262 revera
1102 1193 1275 1277 Vespasia·

121 1315 198 1360 num
220 1296 334 1362 fecisse
357 1296 474 1362 scimus
497 1296 548 1372 (of.
566 1296 649 1361 inira
664 1315 733 1379 cap.
749 1297 788 1360 ΙΙ.
807 1299 825 1371 §
844 1300 882 1369 ι).

207 1398 319 1479 Itaque
335 1399 448 1463 utiam
471 1399 593 1481 paucis,
618 1418 699 1482 quae
723 1397 818 1464 modo
842 1400 1041 1482 protulimus,
1066 1395 1275 1480 comprehen-

121 1499 244 1582 damus,
261 1506 380 1566 certam
392 1500 542 1567 videntur
557 1501 766 1584 imperatores
782 1502 814 1566 in
831 1502 1013 1584 legionibus
1024 1501 1116 1567 novis
1128 1499 1275 1566 creandis

121 1602 277 1665 rationem
300 1620 370 1666 esse
394 1603 494 1667 secuti
518 1603 573 1684 ita,
598 1609 632 1667 ut
653 1610 708 1667 aut
730 1605 917 1685 provinciae
939 1623 1046 1670 novae
1069 1600 1275 1686 occupandae

122 1722 219 1768 eausa
251 1707 307 1767 aut
336 1703 368 1766 in
398 1703 503 1768 locum
540 1705 677 1769 amissae
710 1705 847 1786 legionis
880 1712 1040 1770 recentem
1074 1704 1276 1770 conscribere

120 1805 269 1870 solerent.
315 1804 383 1869 Neo
412 1810 519 1870 tamen
546 1805 645 1870 nimis
667 1805 843 1871 subtilitate
867 1805 1004 1872 eundem
1032 1806 1195 1888 legionum
1217 1825 1273 1870 nu·

120 1925 241 1972 merum
265 1907 361 1971 anxie
385 1911 559 1988 servantes,
587 1908 613 1974 si
637 1909 718 1974 forte
743 1928 805 1973 una
827 1909 971 1974 alterave
994 1927 1102 1973 esrum
1127 1926 1197 1974 esse
1219 1906 1274 1973 de-

120 2010 232 2091 sierat,
262 2009 368 2076 statim
397 2010 654 2092 supplementum
683 2009 855 2093 parabant,
885 2010 943 2076 sed
972 2009 1125 2094 quamdiu
1149 2015 1274 2077 ceterae

119 2111 161 2177 ad
177 2113 344 2195 imperium
359 2112 573 2177 exercendum
586 2111 731 2178 sulficere
747 2111 949 2194 videbantur,
967 2113 1109 2179 exercitu
1126 2113 1274 2195 quamvis

120 2215 314 2280 comminuto
338 2214 477 2279 contenti
502 2220 607 2296 erant3
630 2215 831 2295 grafionibus
847 2220 953 2280 autem
970 2215 1063 2281 bellis
1084 2214 1274 2280 instantibus

120 2316 280 2380 inlocum
303 2314 465 2396 legionum
489 2312 667 2380 deletarum
685 2321 828 2381 recentes
845 2317 1042 2400 conscriptas
1059 2335 1129 2382 esse
1153 2336 1186 2382 re
1209 2316 1275 2382 fac·

120 2415 225 2498 tisque
249 2415 483 2497 comprobatur.

206 2515 297 2595 Quae
312 2519 339 2583 si
355 2522 440 2583 recte
457 2524 529 2584 sunt
544 2517 716 2603 disputata,
732 2521 883 2604 sequitur,
906 2526 941 2585 ut
956 2521 1075 2586 beilum
1091 2519 1273 2586 Chatticum

118 2640 216 2686 causa
244 2621 380 2703 legionis
406 2619 565 2687 creandae
590 2639 745 2688 essenon
770 2623 923 2705 potuerit,
954 2622 1165 2705 nequeenim
1187 2640 1273 2686 nova

117 2729 186 2788 erat
215 2722 402 2806 occupanda
430 2723 598 2806 provincia
626 2742 731 2806 neque
759 2724 939 2809 supplenda
968 2725 1053 2808 legio
1082 2729 1138 2790 aut
1166 2723 1274 2790 deleta

116 2832 171 2891 aut
187 2831 402 2892 exauctorata.
440 2825 545 2908 Atque
569 2827 715 2893 omnibus
731 2826 780 2894 his
796 2827 890 2894 rebus
906 2827 1075 2910 neglectis:
1100 2827 1127 2892 si
1143 2831 1273 2911 propter

117 2927 219 2991 solum
249 2926 368 2992 bellum
399 2924 579 2993 Chatticum
606 2928 807 2994 Domitianus
837 2929 1079 3011 conscripsisset
1100 2929 1271 3010 legionem,

118 3033 194 3108 quot
222 3025 349 3108 putabis
379 3027 408 3090 ei
430 3026 529 3092 fuisse
557 3027 794 3094 constituendas
823 3034 953 3110 propter
982 3028 1068 3093 belia
1090 3028 1212 3093 Dacica
1241 3035 1273 3094 et

116 3127 311 3210 Sarmatica,
341 3145 423 3209 quae
446 3129 545 3193 multo
575 3130 725 3211 graviora
752 3131 880 3196 fuerunt
900 3128 1062 3211 variisque
1087 3129 1269 3211 perniciosa

115 3229 285 3297 cladibus?

203 3385 226 3445 1)
245 3380 328 3434 lnrmo
344 3378 427 3433 'facile
445 3379 497 3434 hoc
516 3379 657 3447 expeditur
668 3395 709 3447 eo,
729 3380 800 3448 quod
812 3383 926 3449 uterque
943 3381 1089 3449 imperator
1101 3395 1270 3449 summopere

114 3465 217 3520 studuit
230 3479 324 3535 pacem
337 3479 451 3520 serrare.
476 3465 598 3530 Accedit,
618 3465 689 3535 quod
701 3465 854 3521 Hadrianus
867 3465 934 3520 fines
947 3465 1051 3536 imperii
1063 3481 1080 3520 a
1092 3465 1211 3522 Traiano
1224 3481 1270 3521 ao·

115 3551 186 3620 cepti
204 3551 271 3606 adeo
290 3566 345 3605 non
362 3551 528 3621 propagarit,
548 3554 578 3606 ut
591 3566 638 3607 cos
649 3552 740 3621 potius
758 3553 906 3620 minueret;
924 3552 1015 3622 itaque
1033 3553 1136 3620 legione
1146 3551 1195 3607 IX.
1209 3552 1268 3608 His·

113 3651 186 3706 pana
203 3651 283 3692 caesa
296 3637 361 3692 sutis
373 3637 500 3706 praesidii
516 3640 665 3706 supererat,
684 3654 736 3706 quo
747 3638 890 3707 imperium
902 3637 1054 3694 Romanum
1072 3637 1268 3693 defenderetur.

200 3725 225 3786 2)
243 3721 320 3789 Quod
338 3722 379 3778 rel
396 3723 505 3777 maximi
522 3722 606 3777 fuisse
623 3724 751 3778 momenti
767 3723 795 3778 in
814 3724 932 3779 exercitu
949 3723 1072 3792 augendo
1091 3723 1269 3778 minuendore

114 3823 175 3862 cum
195 3821 244 3876 per
262 3821 291 3861 sc
309 3811 520 3864 consentaneum
532 3813 574 3864 est
591 3811 647 3864 tum
665 3814 803 3877 procerte
821 3809 996 3865 confirmatur
1008 3809 1132 3865 dilucidis
1144 3809 1269 3866 Suetonii

112 3893 200 3950 verbis
213 3910 236 3948 v.
249 3891 328 3946 Dom.
344 3895 387 3946 ιιι
408 3894 582 3956 ,Exhaustus
601 3909 713 3963 operum
725 3909 758 3950 ac
771 3910 912 3950 munerum
925 3894 1053 3964 impensis
1072 3894 1267 3964 stipendioque,

113 3980 185 4048 quod
202 3979 351 4043 adiecerat,
376 3980 516 4049 temptauit
539 3981 646 4048 quidem
665 3981 700 4036 ad
718 3981 876 4037 releuandos
895 3984 1047 4038 castrenses
1065 3983 1198 4051 sumptus,
1218 3998 1267 4036 nu·

112 4079 214 4119 merum
232 4065 344 4118 militum
363 4063 539 4119 deminuerc.“

1078 4154 1108 4204 2*
1172 4200 1174 4204 .
