3170 4742
247 292 288 352 44
717 292 781 347 Otto
800 292 929 359 Schflling

247 501 298 549 -,
321 486 386 550 qua
408 487 428 530 a
450 464 608 547 Septimio
631 463 753 531 Severo
775 466 934 548 legionem
959 463 1148 548 cognomine
1172 464 1229 539 „P.
1251 462 1310 526 F.“
1327 479 1399 528 esse

248 567 436 635 honoratam
459 565 557 633 modo
580 567 784 634 eonieoimus.
829 565 982 650 Suspicor
1004 567 1102 650 igitur
1123 565 1156 630 in
1179 566 1270 649 signo
1294 564 1350 631 illo
1373 535 1399 627 Ῠ

246 672 347 738 latere
369 670 562 753 cognomina
586 667 619 753 β.
643 705 682 715 -

333 773 440 839 Parva
461 773 560 840 series
583 781 859 839 monumentorum
874 780 932 856 est,
954 773 987 838 in
1010 775 1126 856 quibus
1141 771 1399 848 „Antoniniana“

248 877 413 960 appellata
435 881 500 959 est;
523 895 596 940 nam
612 875 696 941 duae
709 878 732 954 ¹)
755 882 877 941 tantum
891 875 1088 959 Noviomagi
1104 875 1241 942 effossae
1260 883 1333 940 sunt
1354 879 1400 938 te·

247 978 344 1061 gulae
356 978 401 1043 sio
413 976 596 1061 inscriptae,
612 977 646 1042 id
662 975 750 1060 quod
765 996 803 1044 eo
819 979 923 1062 magis
937 979 1045 1061 miror,
1062 979 1139 1061 quia
1153 976 1290 1060 legionis
1304 976 1330 1040 Ι.
1342 975 1400 1039 lli-

247 1079 379 1145 nerviae
394 1080 587 1154 „Antonin.“
603 1080 782 1163 permultae
798 1080 911 1147 eodem
935 1080 1007 1147 loco
1022 1081 1055 1145 in
1075 1081 1179 1147 lucem
1201 1078 1400 1162 prodierunt,

248 1200 442 1265 quamquam
463 1181 506 1246 ad
528 1181 648 1248 Vetera
669 1183 775 1265 potius
798 1202 894 1266 quam
922 1183 965 1248 ad
987 1182 1132 1249 Bonnam
1153 1182 1314 1264 pertinere
1335 1178 1401 1245 No·

247 1284 391 1366 viomagi
413 1283 611 1365 praesidium
633 1284 729 1366 plane
750 1285 955 1369 perspicuum
978 1291 1035 1351 est.

333 1385 431 1452 Plura
446 1393 651 1452 monumenta
666 1387 801 1469 (septem
824 1387 957 1461 seilicet)
967 1387 991 1463 ²)
1007 1393 1135 1452 exstant
1148 1385 1296 1469 legionis,
1319 1402 1403 1467 quae

248 1489 436 1572 cognomine
472 1487 689 1564 „Seuerianae
726 1487 988 1554 Alexandrinae“
1031 1489 1159 1554 adiecto
1195 1487 1294 1553 artius
1331 1506 1403 1553 eum

248 1591 304 1656 illo
327 1591 521 1674 imperatore
543 1609 614 1655 eam
637 1590 735 1656 fuisse
764 1590 966 1657 coniunctam
994 1590 1207 1674 pronuntient
1253 1588 1347 1667 Quod
1370 1589 1403 1654 in

248 1713 312 1758 uno
335 1693 427 1758 titulo
449 1692 536 1757 XIV.
560 1693 672 1757 4178h
702 1697 744 1772 (n.
770 1695 843 1768 195)
870 1694 957 1776 legio
979 1694 1161 1778 appellatur
1189 1691 1403 1768 „Germanica

248 1795 362 1860 XXX·
382 1794 426 1859 V·
446 1795 526 1877 V·“,
555 1795 674 1860 nullius
701 1796 853 1860 momenti
880 1803 929 1861 est
957 1815 1061 1878 neque
1090 1794 1165 1860 inde
1189 1793 1339 1878 efficitur,
1368 1799 1404 1859 ut

249 1897 413 1981 proprium
430 1896 512 1961 illud
534 1897 672 1979 legionis
694 1897 794 1964 fuisse
817 1917 994 1980 cognomen
1016 1905 1182 1982 putemus;
1203 1896 1285 1963 nihil
1313 1895 1404 1962 aliud

250 2000 319 2064 sine
342 1998 441 2064 dubio
464 1999 520 2079 qui
542 2005 716 2081 posuerunt
746 1999 873 2064 titulum
895 1999 1029 2065 iuvenes
1051 1999 1211 2065 Lanuvini
1233 2000 1404 2066 voluerunt

250 2102 313 2167 nisi
329 2120 395 2182 eos,
418 2101 474 2184 qui
488 2101 643 2184 legerent,
665 2107 834 2184 patronum
850 2121 942 2167 suum
958 2103 991 2166 in
1005 2102 1187 2185 legionibus
1206 2098 1403 2183 Germanico,

250 2203 356 2268 XXII.
381 2204 477 2268 Prim.
502 2209 534 2268 et
555 2202 665 2268 XXX·
684 2203 724 2269 V·
742 2202 797 2286 V·‚
820 2203 918 2271 fuisse
942 2211 1028 2271 certo
1052 2206 1143 2271 scire.

336 2305 425 2371 Mero
449 2305 587 2389 denique
611 2325 718 2372 errore
740 2307 860 2374 factum
884 2314 941 2391 est,
964 2314 999 2373 ut
1022 2327 1197 2391 cognomen
1213 2306 1404 2382 „Valeriae“

250 2409 373 2491 legioni
388 2408 559 2473 Hennenus
582 2404 692 2488 (6683)
715 2409 904 2490 vindicaret,
929 2416 960 2475 et
975 2411 1071 2493 plane
1094 2410 1251 2476 assentior
1266 2408 1404 2473 Reniero

252 2511 337 2588 (adn.
353 2514 373 2572 2
389 2509 433 2576 ad
447 2531 521 2594 pag.
539 2513 601 2577 259
617 2531 691 2594 opp.
708 2510 856 2594 Borgh.),
880 2513 935 2593 qui
957 2531 1107 2595 umquam
1130 2511 1192 2576 hoc
1214 2509 1404 2590 cognomine

252 2633 323 2681 esse
347 2621 491 2679 ornatam
514 2613 675 2695 legionem
697 2612 804 2676 XXX.
827 2615 962 2693 negat-³)

338 2714 424 2793 Quid
447 2720 615 2798 praeterea
643 2714 685 2778 de
708 2713 951 2794 cognominibus
974 2710 1177 2777 statuendum
1206 2710 1262 2791 sit,
1293 2728 1334 2773 ex
1357 2707 1402 2770 in·

252 2819 325 2884 dloe
347 2816 448 2881 titulis
471 2813 598 2880 adiecto
621 2814 716 2879 facile
738 2813 916 2895 intelleges.

326 3089 345 3164 §
368 3093 397 3154 3.
441 3088 498 3154 De
522 3088 683 3170 origine
706 3087 879 3153 militum
903 3085 1083 3169 legionis
1105 3079 1328 3148 XXX·V·V·

338 3225 429 3304 Quae
452 3244 549 3307 supra
571 3225 614 3306 (p.
638 3223 690 3300 27)
713 3222 756 3288 de
777 3223 902 3305 origine
925 3222 1062 3286 militum
1084 3220 1221 3303 legionis
1243 3219 1268 3283 l.
1291 3217 1407 3282 Miner-

253 3332 327 3395 viae
349 3327 506 3410 diximus,
536 3328 569 3391 in
591 3326 653 3392 hac
681 3345 808 3409 quoque
836 3325 964 3408 legione
993 3324 1118 3408 valent,
1147 3328 1182 3388 ut
1203 3320 1406 3405 paucissimis

341 3462 365 3524 1)
384 3459 419 3514 ci.
433 3460 475 3512 tit.
488 3459 597 3513 Bramb.
613 3458 679 3513 t‘lssi
693 3462 733 3523 11,
748 3461 779 3511 12
792 3463 829 3520 (n.
846 3460 935 3523 1980).

340 3547 366 3609 2)
385 3543 419 3598 cf.
433 3543 505 3596 infra
517 3543 571 3596 ind.
586 3558 661 3610 cogn.
674 3543 725 3610 leg.
740 3541 826 3597 XXX.
841 3541 945 3610 Ulpiae.

340 3635 366 3693 3)
384 3627 492 3682 Fiedler
513 3627 542 3682 iu
565 3627 766 3690 „Alterthtimer
782 3643 826 3680 am
843 3624 1035 3680 Niederrhein“
1055 3639 1083 3692 p.
1103 3626 1150 3677 189
1158 3638 1197 3689 sq.
1216 3626 1244 3674 et
1261 3621 1364 3689 primus
1381 3628 1409 3676 et

254 3717 329 3771 solus
348 3713 486 3770 contendit
503 3714 608 3782 tegrdas
620 3727 649 3768 se
662 3713 761 3768 vidisse
772 3712 885 3780 legionis
901 3708 1077 3764 XXX-VN
1086 3707 1141 3763 ·V·
1150 3707 1176 3762 S.
1191 3708 1225 3760 A.
1237 3708 1307 3776 Aug.
1326 3706 1409 3776 (quod

254 3800 386 3870 explicat:
405 3799 531 3854 Valeriae
554 3799 716 3855 Seuerianae
733 3796 933 3853 Alexandrinae
951 3798 1110 3863 Augustae).
1146 3792 1199 3847 Sed
1224 3793 1363 3847 Steiuerus
1381 3793 1409 3845 in

258 3888 357 3952 „lusca
386 3884 492 3939 Rhen.“
520 3886 606 3941 altera
632 3885 750 3939 editione
776 3883 922 3938 adfirmavit
947 3881 1013 3936 nihil
1039 3879 1092 3947 legi
1113 3879 1141 3933 in
1164 3879 1211 3932 illa
1233 3878 1325 3945 tegula
1354 3877 1410 3932 nisi

257 3974 505 4028 [EG-XXXV·V·
525 4003 557 4011 -
581 3970 658 4039 Quod
681 3969 782 4024 Murat.
805 3971 904 4032 1088‚5
923 3969 960 4032 (n.
975 3969 1034 4030 181)
1062 3964 1159 4034 legitur·
1175 3963 1406 4018 XXX·V·V·V·

255 4065 411 4130 suspectum
430 4064 479 4112 est.
