3188 4740
319 272 359 332 22
797 268 860 324 orto
878 268 1006 337 Schilling

318 446 486 527 affirmant,
511 445 644 511 alteram
668 443 699 508 in
724 443 809 509 bello
833 462 904 509 cum
923 442 1021 509 Dacis
1045 448 1135 526 gesto
1158 442 1249 524 signo
1271 440 1389 507 amisso
1414 439 1474 505 de-

318 548 415 615 letam
439 565 509 614 esse
533 565 574 612 ex
597 545 700 612 (lassii
723 544 837 611 Dionis
860 544 967 611 verbis
990 544 1137 612 diximus.

404 647 571 726 Quaenam
583 647 659 714 illae
671 646 788 713 fuerint
799 646 952 730 legiones,
966 646 1048 712 infra
1063 647 1241 714 accuratius
1253 643 1474 727 anquiremus.

319 751 412 818 Nunc
427 771 491 834 quo
507 769 590 816 anno
606 747 716 814 clades
733 748 808 814 illae
831 753 983 831 acceptae
1006 748 1069 813 sint
1093 783 1129 792 -
1154 746 1240 830 quod
1256 747 1338 813 scire
1360 749 1475 810 nosue

318 853 458 918 maxime
482 853 613 917 interest
637 885 674 893 -—
699 849 958 933 investigandum
980 856 1036 915 est.
1082 849 1122 915 nt
1139 867 1331 933 quamquam
1354 864 1474 930 rerum,

317 973 401 1038 quae
417 952 475 1020 sub
491 951 675 1018 Domitiano
698 958 808 1034 gestae
824 957 905 1033 sunt,
927 951 1124 1034 memoriam,
1148 952 1268 1035 quippe
1290 968 1373 1032 quae
1396 967 1472 1015 con-

318 1056 390 1122 silio
407 1060 539 1137 arteque
560 1073 797 1137 nonnumquam
819 1052 1002 1120 mendosior
1017 1054 1059 1120 sit
1073 1055 1168 1136 facta,
1192 1052 1288 1119 valde
1310 1051 1473 1117 turbatam

318 1177 389 1224 esse
411 1175 505 1223 nemo
529 1157 663 1239 ignorat,
688 1154 729 1220 de
745 1155 865 1221 Dacico
881 1161 988 1222 tamen
1003 1155 1090 1223 bello
1106 1156 1183 1222 certi
1207 1152 1285 1237 quid
1300 1172 1358 1219 nos
1374 1171 1473 1235 posse

317 1264 456 1325 statuere
480 1258 650 1339 credImus‚
674 1255 847 1323 dummodo
870 1276 921 1324 res
944 1263 1051 1341 gestas
1074 1257 1127 1323 vel
1149 1261 1313 1322 auctorum
1335 1253 1400 1320 lide
1418 1255 1474 1320 vel

317 1360 461 1444 lapidum
485 1360 668 1443 integritate
690 1357 823 1423 traditas
846 1366 993 1426 accurate
1017 1358 1276 1442 contemplemur.

402 1461 584 1529 Asbachius
597 1462 682 1527 euim
698 1479 768 1527 cum
787 1459 1055 1527 demonstraverit
1070 1460 1118 1538 (Β.
1130 1460 1161 1526 J.
1174 1462 1224 1542 82,
1238 1463 1278 1524 26
1288 1459 1370 1541 sqq.)
1386 1477 1472 1523 anno

320 1565 435 1641 836182
458 1582 651 1647 permagnus
674 1562 784 1646 copias
800 1563 831 1626 in
848 1561 1003 1628 Moesiam
1027 1567 1154 1628 coactas
1177 1581 1248 1628 esse
1269 1561 1327 1627 sub
1344 1559 1379 1624 O.
1396 1559 1473 1624 Vet-

317 1666 426 1732 tuleno
442 1663 554 1732 Civica
566 1663 692 1731 Ceriale
708 1665 814 1746 legato
828 1664 860 1746 ¹),
878 1665 940 1730 iam
958 1664 1049 1730 initio
1065 1665 1192 1748 imperii
1208 1663 1383 1730 Domitiani
1399 1682 1471 1728 cum

321 1769 419 1834 Dacis
441 1769 528 1833 rixas
551 1766 838 1850 vellicationesquc
868 1773 996 1833 exortas
1026 1786 1096 1832 esse
1123 1772 1262 1832 statuere
1290 1783 1472 1849 possumus,

319 1888 398 1951 quas
421 1869 615 1950 compositas
638 1886 708 1932 esse
732 1868 806 1931 aL.
823 1867 1019 1934 Funisulano
1035 1868 1263 1942 Vertomarob
1286 1873 1362 1932 ante
1385 1865 1469 1931 diem

319 1970 354 2034 V.
377 1969 495 2034 mensis
511 1967 710 2053 Septembris
732 1969 808 2033 anni
831 1968 945 2047 839185
958 1971 990 2050 ³),
1015 1967 1101 2051 quod
1123 1974 1219 2033 antea
1241 1968 1387 2034 veterani
1409 1988 1471 2034 non

319 2070 518 2153 summissi,
549 2069 695 2136 conicere
724 2089 786 2134 non
809 2069 878 2134 siue
907 2069 1052 2136 veritatis
1081 2068 1220 2152 quadam
1250 2071 1359 2153 specie
1388 2071 1470 2136 licet.

319 2173 389 2240 Nec
412 2179 518 2238 tamen
540 2169 689 2237 diuturna
711 2190 781 2237 cum
805 2171 903 2237 Dacis
932 2191 998 2254 pax
1021 2170 1148 2238 videtur
1176 2172 1284 2238 luisse.
1330 2172 1470 2239 Necesse

321 2277 403 2341 enim
422 2281 470 2340 est
485 2272 593 2340 clades
609 2273 683 2339 illas
695 2271 793 2356 Oppii
807 2271 918 2338 Sabini
934 2279 967 2338 et
977 2273 1117 2340 Cornelii
1130 2274 1225 2339 Fusci
1241 2274 1471 2340 famosissimas

321 2375 437 2443 cadere
459 2376 492 2440 in
516 2395 616 2441 annos
640 2374 754 2454 840186
779 2375 963 2456 81841187,
988 2374 1090 2458 quod,
1114 2394 1186 2441 cum
1209 2374 1469 2442 antecedentibus

317 2479 410 2545 aunis
441 2475 526 2544 baud
557 2495 677 2560 paucas
706 2475 885 2558 accepisset
907 2476 1115 2542 salutatIoncs
1146 2477 1383 2561 imperatorIas,
1410 2478 1465 2541 illo

319 2580 472 2664 temporis
496 2579 599 2662 spatio
623 2577 827 2643 Domitlanus
849 2577 937 2642 nulla
959 2577 1028 2644 fere
1050 2577 1178 2643 videtur
1206 2577 1340 2647 affectus
1360 2580 1461 2650 essell

318 2700 518 2707 ——m--0

406 2752 429 2807 ll
444 2744 521 2810 Quod
541 2744 673 2796 evincitur
685 2757 718 2795 ex
734 2743 828 2796 tabula
846 2742 976 2794 honestae
989 2742 1123 2798 missionis
1141 2744 1183 2797 die
1195 2743 1269 2798 XIX.
1287 2746 1385 2800 mensis
1397 2745 1468 2812 Sept.

321 2827 385 2882 anni
398 2827 490 2896 836182
503 2829 592 2881 t'actae
605 2825 686 2893 (Eph.
700 2841 742 2893 cp.
756 2825 802 2880 IV.
816 2842 843 2894 p.
856 2829 929 2890 leot:
942 2825 1035 2894 iisque,
1049 2828 1094 2896 qui
1106 2828 1286 2884 milltovcrunt
1296 2830 1325 2884 iu
1337 2829 1379 2884 ala
1392 2829 1470 2884 Olau-

322 2913 365 2967 dia
383 2913 460 2968 Nova
478 2917 504 2967 et
518 2911 677 2968 cohortibus
696 2909 801 2965 duabus
813 2910 862 2965 ΙΙΙ.
878 2910 1015 2967 Gallorum
1035 2917 1061 2966 et
1072 2911 1105 2968 V.
1118 2913 1310 2984 Hispanorum,
1328 2919 1474 2984 quaesunt

318 2998 347 3052 ln
366 2998 472 3054 Moesia
490 2997 540 3052 sub
560 2997 588 3052 (1,
602 2996 747 3052 Vcttuleno
768 2995 857 3051 Oirica
876 2996 987 3052 Ceriale.

409 3089 434 3150 2)
452 3084 486 3139 cl.
504 3083 626 3139 tabulam
644 3083 707 3137 bon.
725 3081 796 3137 miss.
815 3082 862 3136 III.
875 3098 902 3150 p.
914 3087 980 3137 855:
999 3082 1041 3148 iis,
1060 3083 1106 3151 qui
1123 3084 1304 3140 militaverunt
1325 3086 1427 3154 equites
1445 3094 1473 3138 et

321 3169 425 3237 pedites
443 3169 471 3221 in
491 3166 540 3221 alls
559 3182 606 3220 sex
625 3171 652 3219 et
670 3165 826 3220 cohortibus
845 3166 935 3220 decem
954 3171 981 3220 et
998 3169 1115 3237 quinque
1134 3208 1223 3224 .....
1243 3176 1270 3224 et
1282 3176 1344 3225 sunt
1362 3171 1389 3224 in
1401 3171 1472 3224 Pan-

320 3254 402 3309 nonia
420 3252 471 3307 sub
489 3251 522 3304 L.
541 3250 708 3304 Funisulano
726 3249 890 3305 Vettoniano
908 3265 962 3318 eqs.

407 3340 432 3401 3)
451 3335 533 3390 Cuius
551 3335 600 3390 viri
618 3334 714 3389 titulus
732 3338 821 3389 exstat
838 3335 886 3389 III.
906 3339 972 3390 4013
991 3337 1047 3391 hic:
1066 3338 1098 3393 L.
1118 3338 1284 3394 Funisulano
1296 3340 1306 3409 11
1320 3340 1352 3395 L.
1372 3342 1391 3397 l.
1410 3341 1472 3395 Ani.

320 3420 485 3475 Vettoniano
497 3421 506 3482 ll
518 3420 581 3476 trib.
602 3421 656 3475 mil.
676 3421 726 3489 leg.
746 3420 792 3476 Vl.
811 3420 883 3478 Vict.
910 3437 991 3490 quaes
1003 3425 1012 3493 ll
1024 3423 1078 3478 tori
1101 3425 1255 3494 provinciae
1273 3426 1379 3482 SIciliae
1390 3427 1400 3498 ll
1411 3427 1473 3482 trib.

320 3505 392 3574 pleb.
409 3509 497 3573 praet.
516 3505 566 3572 leg.
581 3505 643 3558 Illl.
656 3505 773 3574 Scythia.
793 3506 878 3573 prael.
892 3506 979 3560 aerari
991 3507 1072 3562 Satur
1084 3507 1093 3578 ll
1104 3509 1132 3562 ni
1144 3509 1264 3564 curatori
1275 3510 1334 3565 viae
1345 3511 1474 3566 Aemiliae

322 3606 377 3646 eos.
390 3589 400 3661 ΙΙ
412 3588 463 3646 VII
476 3590 516 3644 vit
528 3590 673 3659 epulonum
686 3591 737 3658 leg.
750 3605 851 3659 propr.
865 3589 873 3660 ll
885 3593 1003 3660 provinc.
1014 3591 1164 3648 Delmatiae
1172 3595 1236 3649 item
1245 3612 1295 3664 pro
1304 3596 1313 3665 11
1322 3595 1392 3652 vinc.
1403 3597 1474 3652 Pan-

320 3677 419 3732 noniae
430 3673 440 3747 ll
451 3676 514 3730 item
528 3675 647 3730 MoesIae
659 3677 667 3742 ll
680 3675 832 3744 Superioris
846 3676 945 3730 donato
960 3717 984 3731 ..
999 3678 1008 3744 ΙΙ
1021 3718 1120 3734 ......
1135 3681 1144 3746 [Ι
1158 3722 1164 3733 .
1178 3721 1183 3734 .
1197 3681 1267 3735 bello
1279 3680 1382 3738 Dacico
1396 3696 1472 3737 coro-

320 3761 362 3816 nis
374 3761 428 3814 lllI
441 3761 536 3815 murali
548 3760 642 3814 vallari
655 3761 769 3815 classica
781 3775 865 3814 aures
876 3759 886 3830 l
898 3761 984 3814 hastis
997 3760 1073 3830 purIs
1086 3762 1140 3816 llII
1152 3763 1254 3820 vexillis
1269 3765 1323 3819 llll
1335 3768 1345 3835 ll
1356 3771 1473 3834 patrono

407 3932 434 3995 4)
451 3928 633 3984 SalutatIones
651 3928 694 3994 X„
713 3929 770 3994 XL,
783 3929 844 3983 Xll.
860 3929 1031 3984 Domitianus
1049 3930 1153 3998 accepit
1171 3931 1242 3986 adis
1254 3933 1287 3989 V.
1301 3948 1385 3990 mens.
1399 3937 1473 4004 Sept.

322 4014 385 4068 anni
404 4013 498 4083 839185
514 4027 601 4082 usquo
618 4014 652 4068 ad
671 4014 739 4070 diem
752 4013 826 4069 XIII.
840 4029 922 4069 mens.
935 4015 1001 4069 Mal.
1016 4013 1120 4084 840l86;
1139 4015 1215 4072 XIII.
1230 4021 1257 4072 et
1271 4017 1388 4075 fortasse
1399 4020 1474 4076 XIV.
