3170 4742
277 263 317 321 50
759 261 822 317 Otto
841 261 971 330 Schilling

278 436 424 502 additum
447 442 496 503 est
517 436 571 512 ,in
593 434 700 502 Germ.
724 436 815 519 Inf.‘¹,
839 434 926 519 quod
949 455 1055 518 neque
1077 441 1172 502 antea
1196 453 1300 518 neque
1323 441 1437 520 postea

279 540 312 605 in
334 538 435 605 titulis
457 546 531 621 post
553 539 598 614 ,L
614 538 713 603 Min.“
735 538 815 605 addi
837 539 957 613 solet.¹l

364 644 470 723 Atque
482 642 515 706 in
527 641 641 707 eadem
658 648 763 706 castra
778 642 907 722 stativa,
923 640 1107 706 Bonnensia
1122 640 1255 722 scilicet,
1270 639 1303 704 in
1319 640 1436 722 quibus

279 751 353 810 ante
376 744 496 810 bellum
511 743 667 810 Dacicum
691 741 865 810 tetendisse
888 743 1049 826 legionem
1070 763 1102 826 p.
1119 745 1160 806 24
1172 762 1219 824 sq.
1243 741 1436 809 demonstra-

280 847 396 930 vimus,
419 847 506 912 bello
529 847 667 912 feliciter
688 851 815 930 patrato
831 844 945 930 rediit,
969 844 1144 928 quodcum
1168 864 1282 928 perse
1305 864 1436 910 consen·

280 957 410 1015 taneum
434 956 482 1016 est
504 954 571 1014 tum
595 968 637 1016 ex
658 949 759 1014 titulis
782 948 965 1031 tegulisque
987 947 1109 1014 ibidem
1133 949 1268 1031 repertis
1290 947 1438 1030 plurimis

281 1058 426 1135 apparet.
477 1051 591 1133 Neque
625 1052 746 1134 obstat,
781 1050 867 1133 quod
897 1051 998 1116 lulius
1027 1050 1212 1116 Mansuetus
1245 1049 1295 1122 toi.
1323 1069 1354 1132 p.
1384 1053 1438 1123 47)

279 1173 343 1218 non
366 1154 498 1219 Bcnnae
527 1172 610 1236 quae
639 1153 681 1219 ad
703 1154 833 1219 Alutam
861 1151 983 1219 flumen
1012 1160 1200 1237 susceperat
1224 1158 1303 1218 vota
1329 1152 1437 1234 solvit,

281 1255 339 1322 sed
362 1255 526 1322 Coloniae.
572 1256 677 1341 Oaput
701 1257 786 1321 enim
816 1256 913 1322 totius
942 1256 1129 1338 provinciae
1156 1253 1237 1320 haec
1259 1255 1335 1320 urbs
1358 1261 1437 1338 crat,

280 1366 315 1423 ut
337 1358 434 1425 facile
456 1360 565 1425 nescio
589 1360 704 1441 quibus
726 1359 769 1424 de
791 1359 896 1424 causis
918 1357 988 1423 fieri
1014 1358 1168 1441 potuerit,
1198 1362 1233 1421 ut
1254 1357 1373 1439 singuli
1396 1376 1438 1422 ex

281 1462 411 1544 legione
440 1462 558 1527 milites
586 1462 656 1527 sive
678 1461 721 1526 ad
744 1459 851 1527 officia
881 1460 1046 1543 quaelibet
1073 1459 1330 1526 administranda
1357 1460 1464 1542 sive„

281 1565 309 1629 si
332 1563 413 1629 forte
435 1563 571 1629 Colonia
593 1569 683 1629 erant
705 1562 848 1645 oriundi,
876 1568 1056 1629 commeatu
1077 1567 1212 1645 accepto
1235 1560 1357 1628 ibidem
1379 1561 1438 1626 ali·

279 1664 431 1749 quamdiu
453 1671 666 1732 versarentur.

366 1763 526 1834 Proximis
555 1767 673 1834 deinde
702 1769 794 1834 annis
822 1787 925 1851 usque
954 1767 997 1832 ad
1020 1786 1137 1832 annum
1160 1768 1297 1844 874l120
1329 1765 1438 1849 nullis,

281 1877 434 1955 quantum
458 1872 585 1952 scimus,
609 1871 703 1936 bellis
726 1876 781 1935 aut
803 1870 1066 1953 expeditionibus
1089 1869 1231 1935 interluit
1252 1870 1356 1952 legio,
1378 1888 1438 1934 nec

280 1985 388 2037 tamen
403 1992 480 2037 cura
493 1973 688 2054 negotioque
703 1972 872 2038 vacavisse
894 1970 1033 2052 videtur,
1056 1969 1115 2036 sed
1131 1971 1193 2036 viis
1215 1970 1438 2053 aedificiisque

281 2073 440 2141 struendis
463 2094 594 2157 operam
620 2075 808 2156 navavisse,
838 2072 925 2156 quod
948 2093 990 2139 ex
1012 2075 1083 2157 ipso
1106 2074 1199 2139 titulo
1221 2073 1351 2139 Bramb.
1375 2075 1439 2137 680

280 2181 322 2252 (n.
341 2181 402 2260 70),
426 2177 482 2260 qui
504 2177 537 2242 in
559 2177 724 2243 lautumiis
740 2176 872 2244 Herculi
887 2175 1018 2242 Saxano
1041 2175 1210 2244 dedicatus
1233 2183 1290 2260 est,
1314 2177 1437 2261 perspi-

282 2281 370 2346 citur.
415 2279 559 2362 Accedit,
583 2279 670 2361 quod
693 2281 880 2363 paulopost
901 2280 1038 2362 legionis
1060 2279 1085 2344 Ι.
1102 2279 1279 2345 Minerviae
1300 2278 1438 2344 reditum

281 2383 368 2464 legio
397 2381 439 2446 X.
463 2381 600 2447 Gemina
627 2383 661 2446 in
690 2383 888 2448 Pannoniam
919 2381 1126 2465 Superiorem
1161 2382 1316 2447 translata
1344 2381 1438 2463 est2),

281 2492 317 2550 ut
339 2501 422 2568 quae
444 2492 540 2550 antea
562 2490 711 2567 quattuor
726 2484 780 2550 rel
794 2485 895 2550 tribus
911 2484 1093 2567 legionibus
1108 2483 1214 2548 fuerat
1227 2481 1439 2549 custodienda

281 2587 449 2671 provincia
471 2586 645 2653 Germania
665 2587 801 2652 Inferior
823 2608 844 2652 a
866 2587 991 2652 duabus
1020 2586 1044 2649 Ι.
1067 2585 1143 2649 Min.
1166 2592 1198 2649 et
1221 2585 1273 2647 VI.
1298 2581 1436 2646 Victrice

281 2695 438 2771 occupata
461 2694 554 2754 esset.

550 2959 619 3032 §2
664 2956 720 3021 De
743 2954 907 3037 legione
929 2953 1158 3019 XXX-VN·

367 3129 526 3209 Quoniam
550 3146 632 3211 quae
655 3125 697 3191 de
718 3127 846 3207 legione
868 3124 987 3189 XXX·
1003 3123 1031 3189 V
1047 3155 1055 3168 ·
1069 3122 1109 3187 V·
1128 3120 1204 3188 inde
1219 3141 1240 3186 a
1253 3120 1440 3206 primordiis

282 3235 362 3319 ipsis
378 3251 479 3314 usque
494 3228 537 3295 ad
552 3231 672 3295 bellum
688 3228 844 3294 Dacicum
867 3228 1047 3293 confectum
1063 3225 1136 3290 elici
1153 3224 1285 3307 possint,
1309 3244 1379 3306 cap.
1396 3224 1437 3288 ΙΙ.

283 3337 434 3416 diximus,
456 3333 603 3398 venimus
624 3331 667 3397 ad
683 3331 903 3414 quaestionem
927 3328 1160 3411 difficillimam,
1183 3326 1313 3391 ubinam
1337 3345 1438 3409 nsque

283 3437 325 3504 ad
340 3457 457 3503 annum
482 3434 617 3515 874l120
638 3433 813 3520 tetenderit
834 3433 1013 3516 quibusque
1028 3430 1123 3496 rebus
1139 3430 1238 3511 gestis
1260 3428 1440 3494 interfuerit

282 3541 378 3624 legio.
409 3537 513 3617 Quam
528 3539 759 3621 quaestionem,
781 3555 853 3601 cum
869 3536 964 3600 certis
980 3532 1171 3598 testimoniis
1186 3529 1294 3596 adhuc
1307 3550 1438 3613 prorsus
1495 3579 1498 3586 .

284 3661 463 3724 careamus,
486 3641 529 3706 ad
551 3638 648 3703 finem
670 3636 803 3721 perduci
829 3656 923 3718 posse
946 3637 1004 3700 vix
1026 3632 1138 3715 eredo;
1168 3650 1247 3713 quas
1271 3633 1355 3698 enim
1377 3632 1438 3697 viri

284 3746 371 3812 docti
394 3745 594 3828 protulerunt
615 3741 799 3821 sententias,
823 3757 881 3804 eae
904 3738 1001 3803 meris
1024 3734 1215 3801 coniecturis
1237 3736 1388 3800 nituntur.

372 3947 395 4010 t)
413 3940 476 3997 Non
495 3941 584 3995 inveni
601 3939 654 3994 nisi
672 3940 701 3993 in
718 3955 774 3995 uno
791 3935 870 3992 titdlo
889 3937 918 3992 0.
937 3937 958 3991 Ι.
977 3935 1023 3989 Gr.
1042 3935 1092 3990 Ill.
1111 3939 1179 3990 4011
1191 3926 1237 4002 '(n.
1252 3936 1309 4002 sb).

371 4034 396 4095 2)
415 4028 450 4084 cf.
464 4026 616 4094 Ritterling.
635 4042 663 4095 p.
678 4029 707 4079 51
717 4041 756 4092 sq.
774 4027 801 4078 et
812 4023 876 4078 adn.
891 4028 913 4077 1.
927 4025 952 4076 2.
966 4025 991 4076 3.
