3188 4740
297 329 298 332 Ἴ
347 253 389 307 De
405 252 556 322 legionibus
574 251 761 306 Romanorum
780 250 803 305 Ι.
823 250 956 304 Mineruia
973 256 1000 303 et
1017 249 1102 305 XXX.
1123 248 1212 318 Ulpia.
1319 248 1359 305 69

197 427 368 511 legionarii
386 426 484 491 nimio
510 425 576 491 otio
600 423 740 507 corrupti
762 424 887 490 nefaria
909 423 1044 491 consilia
1066 422 1242 505 agitarent;
1266 440 1357 487 exer-

194 530 290 597 cebat
312 529 414 611 enim,
438 533 473 593 ut
495 526 626 593 Cassius
649 526 712 591 Dio
739 527 816 610 epit.
840 525 958 591 LXIX.
982 529 1018 606 5,
1042 527 1061 587 2
1086 525 1260 591 memorias
1282 544 1355 607 pro·

195 632 289 715 didit,
312 627 354 695 τὰ
372 623 595 714 στρατιωτικὰ
619 618 842 710 ἀκριβέστατα
858 618 941 691 ὥστ’
968 623 1128 706 ἰσχύοντα
1149 616 1227 712 μήτ’
1255 615 1356 690 daet-

194 737 274 798 θεῖν
297 730 382 817 μήτε
396 726 542 814 ὑβρίζειν
550 758 561 810 ,·
583 735 616 796 et
637 729 827 814 Spartianus
841 729 862 806 ¹)
886 729 1037 796 dilucidis
1061 728 1170 794 verbis
1193 729 1358 793 enarravit
1402 749 1405 757 ·

193 835 405 903 Germanicas
427 833 628 916 potissimum
650 833 796 914 legiones
813 832 859 898 sio
882 831 1074 898 exercitatas
1099 849 1180 896 esse.
1220 827 1292 907 Qua
1307 850 1357 893 ra-

193 940 284 1004 tione
306 935 428 1020 duplex
452 941 484 1001 et
505 936 567 1000 sibi
591 940 623 999 et
637 935 684 999 rei
706 934 857 1016 publicae
879 934 1006 1016 paravit
1028 930 1244 1013 commodum,
1268 931 1356 1013 qnod

196 1045 230 1106 et
245 1039 368 1122 optima
391 1038 563 1121 disciplina
585 1041 769 1101 tenerentur
784 1036 903 1100 milites
928 1069 966 1079 -
990 1037 1080 1099 cuius
1097 1036 1144 1099 rei
1166 1033 1355 1117 praeclaris·

194 1141 295 1208 simus
311 1141 401 1207 testis
415 1141 526 1206 titulus
543 1144 592 1205 est
607 1138 664 1204 ΙΙΙ.
682 1139 776 1220 3676,
798 1138 830 1201 in
846 1157 910 1219 qno
926 1137 1068 1202 Batavus
1083 1137 1177 1201 miles
1193 1154 1355 1218 „aequora

195 1244 338 1309 Danuvii
354 1243 476 1309 cunctis
499 1247 666 1307 transnare
689 1241 747 1306 sub
770 1240 889 1306 armis“
912 1258 947 1305 se
970 1239 1113 1324 potuisse
1136 1238 1292 1320 gloriatur
1315 1273 1354 1282 -

160 1352 163 1358 '
194 1352 227 1412 et
250 1344 359 1412 hostes
381 1350 564 1411 tenerentur
586 1344 619 1407 in
641 1345 762 1427 pacali

149 1455 152 1460 '
280 1447 394 1529 Neque
424 1465 502 1512 vero
531 1446 636 1511 solum
665 1445 723 1510 sub
753 1443 919 1511 Hadriano
948 1448 1038 1508 tanta
1067 1441 1196 1524 imperii
1220 1442 1354 1506 Romani

196 1547 285 1628 apud
305 1549 459 1613 barbaras
482 1553 593 1628 gentes
617 1553 686 1611 erat
707 1548 890 1628 auctoritas,
920 1545 978 1612 sed
1001 1551 1117 1630 postea
1139 1563 1267 1626 quoque
1291 1543 1354 1608 An·

195 1650 307 1714 tonino
335 1648 394 1713 Pio
416 1648 627 1731 imperatore,
657 1654 810 1729 quantum
834 1647 1005 1712 deberetur
1029 1645 1187 1711 Hadriani
1216 1644 1354 1728 pruden-

195 1752 261 1816 tiae
284 1757 315 1817 et
343 1749 495 1833 gravitati
518 1749 606 1830 satis,
630 1749 792 1831 cognitum
816 1755 876 1814 est.
920 1747 1122 1829 Quamquam
1147 1748 1233 1811 enim
1255 1747 1355 1812 lulius

195 1852 398 1937 Capitolinus
423 1856 465 1931 (v.
488 1851 604 1917 Anton.
630 1851 680 1916 Pii
702 1850 740 1915 V.
758 1857 788 1924 4)
812 1850 892 1918 dicit
914 1849 1115 1927 „Germanos
1138 1855 1170 1916 et
1192 1849 1301 1915 Dacos
1324 1856 1356 1915 et

194 1958 311 2022 multas
331 1958 466 2039 gentes“
489 2003 546 2019 ...
571 1939 647 2019 eum⁸
667 1954 850 2020 contudisse
872 1973 953 2038 ,per
968 1951 1134 2036 praesides
1151 1959 1184 2018 et
1199 1953 1322 2035 legatos
1332 1957 1354 2029 ¹⁸,

194 2063 304 2124 tamen
336 2057 489 2122 minimae
518 2055 670 2121 videntur
697 2056 797 2121 fuisse
825 2057 918 2121 rixae
946 2055 1250 2136 vellicationesque,
1285 2075 1357 2120 cum

195 2159 347 2224 Aurelius
354 2159 466 2223 Victor
476 2157 565 2237 (epit.
580 2159 630 2230 15)
643 2157 819 2221 memoriae
831 2155 1011 2238 prodiderit
1018 2156 1213 2220 Antoninum
1225 2155 1356 2230 „orbem

196 2265 303 2322 terrae
317 2258 406 2321 nullo
422 2257 509 2322 bello
525 2257 715 2321 auctoritate
737 2257 808 2321 sola
823 2256 947 2322 rexisse
962 2255 1044 2322 adeo
1060 2258 1267 2323 trementibus
1284 2276 1356 2324 eum

197 2365 296 2441 atque
312 2359 493 2424 amantibus
509 2358 632 2424 eunctis
648 2359 777 2440 regibus
799 2359 984 2424 nationibus
1007 2365 1039 2425 et
1061 2359 1199 2443 populis,
1223 2367 1257 2425 nt
1273 2411 1279 2425 .
1297 2411 1304 2426 .
1322 2410 1329 2425 .
1347 2411 1354 2426 .

197 2460 240 2526 de
258 2460 485 2527 controversiis
500 2460 583 2524 inter
598 2479 633 2526 se
655 2460 795 2526 iudicem
817 2465 1047 2543 poscerent“.³)
1092 2462 1175 2546 Nam
1190 2461 1356 2528 Germani-

196 2582 271 2629 cum
293 2563 374 2628 illnd
398 2563 535 2644 bellum,
558 2561 644 2644 quod
668 2562 767 2628 Iulius
791 2561 991 2646 Capitolinus
1013 2562 1141 2646 laudat,
1163 2563 1245 2628 nibil
1267 2565 1356 2631 aliud

196 2663 327 2729 videtur
354 2664 454 2730 fnisse
482 2663 544 2730 nisi
575 2662 714 2730 discidia
743 2665 826 2729 inter
855 2665 1008 2730 barbaros
1038 2665 1126 2746 ipsos
1156 2671 1242 2747 orta,
1272 2685 1355 2750 quae

285 2901 308 2958 ll
327 2896 417 2964 Spart.
435 2914 459 2950 v.
473 2897 558 2950 Hadr.
575 2902 615 2962 10,
628 2904 655 2952 1:
676 2899 758 2958 „Inde
775 2900 804 2950 in
816 2899 989 2952 Germaniam
1005 2901 1106 2952 transit
1123 2902 1252 2967 pacisque
1269 2901 1354 2969 magis

197 2994 278 3048 quam
296 2979 361 3034 belli
379 2979 496 3049 cupidus
513 2979 633 3043 militem,
652 2980 732 3046 quasi
748 2981 849 3033 bellum
868 2980 1034 3046 immineret,
1053 2982 1176 3034 exercuit
1193 2983 1356 3039 tolerantiae

198 3063 368 3119 documentis
386 3077 447 3118 eum
459 3062 583 3123 inbucns.
602 3063 661 3131 ipse
679 3077 786 3130 qnoque
803 3063 874 3117 inter
891 3062 1032 3130 manipula
1043 3062 1126 3116 vitam
1138 3063 1281 3118 militarem
1298 3083 1355 3120 ma-

195 3149 327 3219 gistram,
346 3149 414 3203 cibis
432 3147 515 3202 etiam
533 3147 719 3204 castrensibus
737 3147 766 3202 in
784 3147 928 3218 propatulo
946 3148 1062 3202 libenter
1079 3150 1168 3211 utens,
1186 3149 1239 3202 hoc
1257 3155 1299 3204 est
1315 3149 1353 3204 la·

196 3236 257 3290 rido
276 3248 357 3289 caseo
375 3236 403 3288 et
419 3240 520 3302 posca“
538 3249 593 3302 eqs.

285 3323 310 3386 2)
328 3319 404 3374 Cass.
418 3318 452 3374 D.
466 3317 531 3388 epit.
545 3317 645 3372 LXIX.
658 3324 673 3371 9
686 3317 745 3372 fine
766 3309 842 3374 οὕτω
860 3313 917 3390 γὰρ
934 3321 1030 3383 καλῶς
1047 3315 1155 3390 ἤσκητο
1169 3313 1203 3375 τὸ
1217 3335 1356 3391 στρατιω-

197 3403 282 3466 τικὸν
299 3397 378 3482 αὐτῷ
396 3394 472 3461 ὥστε
489 3407 539 3460 καὶ
550 3399 586 3459 τὸ
600 3397 719 3459 ἱππικὸν
736 3409 795 3459 τῶν
812 3403 998 3472 καλουμένων
1014 3401 1173 3461 Βαταούον
1185 3399 1357 3480 τὸνἺοτρον

196 3487 269 3560 μετὰ
293 3495 353 3548 τῶν
377 3481 476 3548 ὅπλων
498 3484 677 3561 διενήξαντο·
705 3481 724 3544 δι’
753 3482 913 3561 ὁρῶντες
940 3487 973 3546 οἱ
998 3488 1184 3563 βάρβαροι
1210 3485 1279 3556 τοὺς
1304 3491 1357 3561 μὲν

193 3569 382 3644 Ῥωμαίους
392 3569 693 3639 κατεπλίττοντο,
705 3569 880 3645 τρεπόμενοι
893 3573 923 3630 δὲ
934 3573 980 3630 ἐπὶ
993 3579 1068 3644 σφᾶς
1082 3569 1184 3640 αὐτοὺς
1195 3573 1255 3645 ἐχρ
1266 3579 1355 3632 niveo

199 3652 277 3734 αὐτῷ
295 3665 455 3733 διαιτητῇ
473 3664 532 3717 τῶν
549 3655 638 3733 πρὸς
656 3652 828 3730 οἷλλήλοος
846 3664 1032 3731 διαφοραῖν.

286 3745 312 3807 3)
329 3743 384 3797 Suo
401 3746 460 3800 iure
479 3749 553 3800 certe
571 3745 684 3799 Bessart
702 3748 730 3798 et
748 3744 863 3798 Mueller
880 3746 918 3810 (in
936 3745 1097 3811 „Bidingea
1116 3743 1224 3799 Unters.
1238 3761 1262 3798 τ.
1277 3745 1355 3800 Rom.

198 3827 233 3883 Κ.
248 3826 362 3881 Gesch.“
383 3825 418 3881 ll.
431 3845 459 3895 p.
471 3833 531 3895 304)
550 3830 705 3885 statuerunt
720 3833 865 3898 propterea
878 3829 1023 3900 Capitolini
1040 3829 1222 3885 narrationem
1235 3846 1356 3900 pugnare

199 3928 262 3968 cnm
282 3910 414 3978 Victoris,
437 3913 500 3979 qula
516 3929 566 3969 sua
584 3913 698 3984 quisque
714 3913 820 3968 ratione
838 3916 1004 3970 Antoninum
1023 3914 1173 3970 studuisset
1189 3914 1357 3984 praedicare,

197 3999 268 4052 alter
287 4013 347 4053 cum
365 3996 450 4065 pacis,
469 3997 538 4051 alter
557 4015 618 4053 cum
636 3998 700 4054 belli
716 3998 828 4066 gloriam
848 4001 927 4056 nimis
945 4001 1102 4055 cumularet.
