3170 4742
328 291 370 347 De
387 291 537 360 legionibus
556 289 739 345 Romanorum
757 289 779 346 I.
797 289 931 345 Mincrria
949 293 977 345 et
992 287 1080 344 XXX.
1100 290 1189 359 Ulpia.
1299 289 1340 347 43

179 472 289 534 essent
316 466 433 549 creati,
463 471 547 531 totus
577 463 770 530 Germaniae
803 465 963 530 exercitus
992 463 1024 529 a¹
1042 462 1189 547 Septimii
1226 461 1341 528 Severi

177 568 323 654 partibus
346 567 422 652 inde
445 567 486 632 ab
509 566 602 632 initio
624 566 729 648 stetit,
759 564 847 648 quod
874 585 938 631 non
960 567 1064 631 solum
1095 585 1137 632 ex
1159 564 1297 633 nummis
1319 586 1340 631 a

178 671 302 737 Severo
325 670 380 746 ,in
402 668 500 735 fidem
523 668 708 750 legionum‘f
731 668 816 733 cusIs
830 668 851 744 ¹)
876 673 1021 751 apparet,
1045 666 1104 734 scd
1127 669 1223 734 ctiam
1245 669 1339 734 titulo

177 775 466 858 superrepletos
489 771 661 855 probatur,
690 768 867 836 secundum
890 789 985 852 quem
1008 770 1235 836 vexillationes
1258 770 1339 853 legi·

178 896 275 943 onum
298 875 364 940 HII
386 874 650 940 GermanIcarum
673 873 709 948 (I.
731 872 819 954 Min,
843 872 950 937 XXX.
974 872 1109 957 Ulpiae,
1131 871 1219 937 VIII.
1241 872 1337 956 Aug,

177 978 287 1043 XXII.
303 977 414 1050 Prim.)
437 976 614 1050 „adversus
635 974 815 1041 defectores
839 981 871 1042 et
893 975 1086 1052 rebelles“³)
1109 975 1232 1041 accitae
1255 981 1336 1040 sunt.

181 1079 323 1158 Quarum
340 1083 489 1162 quattuor
504 1079 668 1161 legionum
681 1083 745 1142 tres
761 1078 826 1142 iam
841 1084 938 1143 antea
953 1077 1196 1160 cognominibus
1209 1077 1265 1151 „P.
1278 1077 1338 1141 F.“

181 1188 357 1249 exornatae
380 1188 471 1248 orant
491 1217 534 1226 —
556 1181 621 1263 leg.
637 1180 663 1245 Ι.
678 1179 755 1246 Min.
778 1185 811 1245 et
825 1178 931 1244 XXII.
948 1179 1045 1244 Prim.
1068 1179 1127 1246 sub
1150 1180 1336 1246 Domitiano

178 1286 230 1364 (of.
249 1305 346 1368 supra
359 1305 392 1367 p.
404 1289 422 1348 7
435 1284 505 1368 66,),
529 1282 615 1349 VIII.
631 1282 715 1362 Aug.
739 1282 798 1348 sub
814 1280 1024 1356 Commodos
1040 1316 1092 1366 -,
1115 1289 1150 1347 ut
1165 1283 1235 1348 sola
1249 1282 1337 1364 legio

179 1387 288 1454 XXX.
312 1387 412 1471 Ulpia
434 1387 490 1452 illo
513 1386 657 1468 praemio
680 1389 813 1452 careret.
858 1385 971 1468 Itaque
1002 1383 1090 1451 haud
1112 1384 1235 1452 absona
1256 1384 1337 1449 mihi

178 1489 400 1556 videturesse
423 1489 607 1555 coniectura
628 1494 695 1554 tum
718 1507 738 1552 a
760 1487 918 1573 Septimio
941 1486 1063 1554 Severo
1093 1486 1182 1552 illam
1210 1504 1338 1571 quoque

178 1591 340 1673 legionem
364 1590 607 1672 cognominibus
629 1590 686 1664 „P.
709 1589 767 1654 F.“
791 1608 862 1655 esse
885 1595 1030 1655 ornatam
1041 1589 1081 1673 ι1),
1104 1594 1139 1654 ut
1160 1594 1255 1671 totus,
1283 1589 1338 1672 qui

179 1691 277 1758 fidem
288 1692 501 1776 praestiterat,
515 1691 674 1755 exercItus
682 1689 876 1755 Germaniae
887 1691 1032 1773 praemio
1045 1690 1175 1756 honoris
1187 1696 1335 1756 uteretur.

173 1792 355 1877 Quodque
378 1791 589 1859 confidentius
605 1790 746 1874 credam,
769 1791 862 1857 titulo
877 1793 1017 1857 maxime
1036 1811 1241 1858 commoveor
1262 1790 1336 1856 XII.

178 1898 240 1961 683
256 1897 298 1973 (n.
318 1899 401 1978 176),
419 1914 514 1978 quem
529 1894 637 1960 adhuc
652 1914 716 1960 non
731 1895 810 1961 satis
825 1899 912 1960 recte
927 1895 1045 1960 lectum
1062 1913 1133 1960 esse
1148 1913 1336 1977 persuasum

178 1998 294 2065 habeo.
339 1997 454 2063 Exstat
476 1997 611 2062 enimin
633 2016 729 2063 versu
752 1997 862 2080 quinto
885 2003 959 2080 post
978 1990 1186 2060 l-EGXXI(
1211 1997 1337 2081 signum

179 2117 343 2202 quoddam
361 2087 395 2201 Ῠ,
412 2116 499 2200 quod
513 2115 676 2199 quomodo
689 2114 916 2199 explicandum
927 2117 969 2182 sit
980 2135 1014 2182 sc
1025 2117 1150 2184 nescire
1161 2115 1337 2198 confitetur,

180 2222 236 2305 qui
251 2221 379 2285 titulum
393 2217 504 2298 edidit,
520 2216 757 2283 Hirschfeldius
772 2223 860 2283 ratus
872 2217 913 2282 de
925 2219 1157 2300 supplementis
1173 2220 1338 2303 „centuria

177 2323 306 2404 prima“
328 2319 383 2385 vol
407 2319 577 2393 „immunis
594 2319 778 2384 centuriae“
800 2338 864 2384 non
882 2337 978 2401 posse
995 2320 1138 2402 cogitari.
1177 2319 1336 2399 Quoniam

179 2427 289 2490 autem
319 2440 375 2504 co,
406 2419 493 2504 quod
521 2420 616 2486 miles
645 2420 781 2503 legionis
805 2420 914 2485 XXX·
928 2422 967 2488 V·
985 2422 1023 2485 V·
1050 2423 1179 2489 Arelate
1208 2423 1337 2505 coniugi

179 2524 308 2590 titulum
332 2521 495 2600 exaravit,
517 2541 575 2606 pro
599 2527 686 2588 certo
709 2523 785 2588 licet
807 2523 955 2606 accipere
978 2530 1033 2589 aut
1055 2530 1154 2590 totam
1176 2525 1338 2607 legionem

178 2630 235 2689 aut
258 2625 372 2690 saltem
393 2629 518 2708 partem
542 2625 611 2691 clus
627 2624 684 2691 illo
702 2624 773 2690 loeo
796 2624 895 2691 fulssc
917 2643 1021 2709 neque
1044 2628 1241 2710 temporibus
1258 2627 1337 2712 Sep·

180 2727 270 2792 timIo
287 2726 409 2793 Severo
424 2726 585 2809 prioribus
601 2746 674 2792 eam
689 2727 722 2792 in
738 2726 847 2793 Gallia
861 2734 1018 2794 moratam
1034 2747 1105 2796 csse
1120 2729 1198 2796 satis
1214 2735 1339 2796 constat

180 2828 232 2902 (cf.
249 2829 333 2894 infra
355 2849 386 2912 p.
405 2831 468 2911 68),
492 2828 637 2894 eiusdem
660 2830 726 2895 fere
742 2831 858 2896 aetatis
883 2829 962 2895 mihi
984 2830 1113 2897 videtur
1135 2851 1205 2898 esse
1227 2832 1338 2898 titulus

180 2931 334 2996 —cuius
357 2931 481 2996 litteras
503 2931 625 2997 saeculi
654 2932 786 2996 secundi
817 2951 888 2998 csse
911 2931 1148 2998 HirschfeldIus
1170 2933 1339 3000 adnotavit

268 3117 292 3179 1)
311 3111 347 3168 cI.
365 3111 480 3167 Eckhel.
500 3113 586 3168 doctr.
604 3129 676 3168 num.
690 3112 751 3167 VII.
765 3115 877 3181 tblsq.:
901 3112 968 3181 Imp.
989 3111 1051 3167 Cae.
1064 3114 1096 3170 L.
1109 3112 1172 3184 Sep.
1191 3114 1250 3169 Ser.
1263 3114 1336 3171 Part.

181 3197 251 3267 Aug.
266 3199 275 3266 ll
288 3197 366 3252 Fidei
382 3198 434 3266 leg.
453 3203 488 3252 tr.
501 3214 529 3266 p.
543 3213 599 3254 eos.
619 3198 725 3260 (mulier
743 3202 830 3267 stans,
849 3199 874 3255 d.
894 3198 1080 3268 Victoriolam,
1099 3214 1121 3256 s.
1141 3199 1286 3266 vexillum).
1304 3231 1338 3240 -

179 3283 329 3338 Praeterea
347 3283 492 3352 Septimius
510 3283 624 3339 Severus
642 3299 735 3339 aarum
752 3285 900 3352 legionum,
918 3300 987 3353 quae
1005 3301 1066 3340 cum
1084 3301 1115 3341 eo
1140 3285 1269 3352 fecerant,
1287 3302 1337 3342 no·

181 3369 256 3425 mIna
273 3369 413 3438 speciatIm
430 3369 546 3422 nummis
564 3368 713 3437 inscripsit.

270 3459 295 3519 2)
313 3454 355 3510 tit.
374 3453 467 3517 ,Corn
482 3454 508 3507 d.
522 3453 628 3509 Westd.
641 3453 791 3510 Zeitsohr.“
808 3459 873 3510 1696
885 3471 912 3524 p.
926 3459 942 3510 9
954 3459 989 3522 (n.
1006 3460 1035 3511 11
1046 3456 1083 3522 b).

161 3573 165 3580 -
269 3543 296 3607 3)
313 3540 491 3594 Pescennium
503 3539 616 3609 Nigrum
630 3544 657 3594 et
668 3540 784 3596 Parthos
801 3542 935 3608 nimirum,
954 3556 1008 3616 qua
1025 3541 1059 3598 de
1070 3557 1100 3598 re
1112 3542 1181 3598 infra
1194 3546 1230 3612 (p.
1245 3547 1277 3598 64
1287 3548 1337 3612 sq.)

179 3626 304 3696 pluribus
322 3625 495 3696 disseremus.

267 3715 292 3778 4)
311 3709 400 3766 citii.
415 3710 504 3766 Wilm.
521 3715 586 3765 1469
598 3714 626 3766 et
637 3711 754 3779 Urlichs,
772 3713 804 3767 Β.
817 3711 844 3768 J.
857 3715 899 3780 66,
913 3716 1008 3782 62666.

269 3799 294 3862 6)
311 3794 390 3862 Quod
402 3795 433 3850 P.
444 3795 476 3852 F.
490 3811 638 3864 cognomen
648 3795 816 3851 desideratur
827 3797 856 3852 in
864 3797 943 3853 titulo
953 3799 1061 3855 Bramb.
1072 3801 1121 3853 226
1131 3801 1167 3866 (n.
1179 3803 1247 3867 129),
1259 3815 1338 3870 quem

186 3881 329 3938 consulum
353 3879 473 3934 eiusdem
496 3880 1117 3953 6661666161666666661611666669641216
1138 3885 1258 3953 positum
1279 3898 1339 3939 esse

180 3967 371 4036 comperimus,
393 3980 448 4020 non
465 3967 572 4032 obstat,
599 3968 663 4036 quia
686 3968 844 4036 cognomine
867 3971 976 4025 omniuo
998 3969 1121 4038 neglecto
1144 3970 1203 4027 solo
1225 3985 1337 4025 numero

185 4051 294 4116 „XXX“
314 4051 383 4119 legio
401 4053 498 4107 notata
514 4055 563 4107 est.
