3170 4742
271 295 312 350 De
329 294 480 363 legionibus
498 294 681 350 Romanorum
700 295 721 349 l.
741 293 873 351 Mineruia
891 302 918 351 et
935 296 1020 352 XXX.
1041 264 1144 368 Ulpia.¹
1237 300 1275 359 17

120 476 169 536 est
201 469 354 534 momenti
387 467 430 534 cd
463 469 691 552 imperatorum
725 474 916 552 potestatem
950 471 1083 554 einsque
1115 470 1195 539 lines
1222 475 1276 540 vel

119 571 245 654 legibus
268 571 320 637 vel
344 589 402 636 usu
425 570 613 637 constitutos
636 570 843 638 emetiendos.

206 671 406 755 Quamquam
423 673 508 737 enim
524 671 697 755 pleraeque
713 672 857 756 legiones
873 675 988 756 quibus
1004 674 1166 743 decausis
1182 698 1276 762 para·

118 781 172 841 tae
196 776 275 858 sint,
299 794 363 841 non
386 776 584 858 ignoramus,
616 775 657 842 de
679 777 840 844 nonnullis
863 783 970 844 umen
997 777 1135 846 dubitari
1159 786 1274 864 potest.

205 878 311 960 Atque
334 877 555 960 RItterlingins
577 876 716 961 quidem,
740 879 795 961 qui
818 898 939 946 summo
956 899 1027 946 cum
1042 882 1189 948 acumine
1212 902 1276 949 non

119 980 223 1045 solum
247 978 288 1045 de
311 979 410 1062 illius,
439 998 535 1061 quam
565 979 763 1046 tractandam
793 981 856 1047 sibi
884 989 1109 1066 proposuerat,
1139 984 1275 1067 legionis

120 1080 213 1147 factis
235 1080 425 1164 casibusque
448 1081 635 1165 disputavit,
660 1081 717 1148 sed
741 1083 838 1148 etiam
861 1084 1037 1168 permultis,
1061 1104 1143 1167 quae
1158 1085 1202 1152 ad
1217 1087 1274 1152 ali·

120 1202 212 1248 arum
227 1183 388 1266 legionum
406 1181 573 1250 historiam
588 1185 759 1267 pertinent,
782 1205 855 1250 cum
878 1186 912 1251 in
926 1184 1186 1254 adnotationibus
1209 1194 1276 1254 tum

120 1285 153 1350 in
169 1284 403 1369 appendicibus
425 1286 521 1353 modo
543 1286 649 1353 obiter
669 1286 768 1353 modo
782 1288 893 1355 subtili
915 1288 1072 1372 gravique
1088 1291 1275 1372 quaestione

120 1406 251 1471 operam
273 1390 416 1471 navavit,
440 1409 513 1455 oum
529 1389 565 1454 L.
582 1389 682 1472 Magii
699 1387 797 1455 Dubii
820 1390 913 1456 titulo
936 1391 1035 1457 fretus
1055 1411 1139 1458 anno
1161 1394 1276 1471 stupea

120 1491 174 1555 vel
198 1489 313 1569 838184
337 1492 498 1574 legionem
520 1492 544 1555 Ι.
568 1491 756 1558 Minervium
784 1493 997 1575 conscriptam
1020 1511 1091 1559 esse
1114 1500 1276 1577 statueret,

120 1592 215 1659 huius
245 1594 292 1659 rei
322 1614 451 1661 causam
480 1594 604 1660 invenit
637 1594 756 1659 bellum
786 1614 806 1659 a
835 1594 1021 1661 Domitiano
1051 1615 1122 1661 cum
1152 1594 1276 1663 Chattis

120 1693 307 1776 gerendum.
353 1692 443 1772 Quae
467 1695 626 1760 sententia
648 1695 678 1760 ei
708 1695 829 1776 optime
860 1693 988 1761 videtur
1017 1695 1197 1763 confirmari
1227 1717 1276 1781 eo,

119 1795 207 1880 quod
231 1797 288 1862 alii
311 1815 439 1879 quoquc
467 1797 678 1881 imperatores
707 1797 783 1878 „qui
807 1802 840 1862 et
861 1797 923 1878 ipsi
946 1797 1157 1863 moliebantur
1178 1799 1276 1864 maio·

118 1918 187 1964 rem
203 1899 346 1982 aliquam
363 1898 625 1981 expeditionem“
648 1918 749 1964 novas
772 1898 995 1964 constituerint
1010 1898 1164 1982 legiones,
1188 1901 1277 1967 ouius

118 2001 167 2066 rei
190 2002 341 2086 exempla
363 1999 459 2067 affert
480 2002 624 2082 legiones
647 2001 718 2066 XV.
742 2006 774 2066 et
797 2000 903 2065 XXII.
919 1999 1143 2085 Primigeniae,
1167 2002 1191 2067 Ι.
1215 2002 1276 2068 lta·

118 2104 232 2186 lloam,
266 2103 371 2169 XXX.
395 2103 542 2187 Ulpiam,
572 2103 613 2168 II.
637 2103 827 2186 Traianam,
860 2103 902 2168 II.
926 2109 957 2168 et
980 2102 1036 2168 111.
1066 2103 1205 2172 Italicas.
1235 2141 1278 2152 -

119 2205 186 2272 Sed
209 2206 389 2282 videamus,
411 2226 485 2271 num
508 2211 596 2271 recto
619 2206 684 2270 talo
707 2206 794 2272 illius
818 2205 977 2272 sententia
1000 2211 1070 2272 stet.

208 2310 314 2390 Atque
337 2308 408 2372 XV.
432 2306 561 2389 quidem
572 2363 573 2366 ,
583 2313 617 2371 et
632 2306 737 2386 XXII.
752 2307 966 2390 ,Primigeniae
988 2307 1132 2391 legiones
1148 2328 1168 2374 a
1183 2307 1277 2375 Clau·

121 2409 177 2475 dio
206 2410 401 2492 imperatore
431 2429 501 2476 esse
531 2415 655 2476 creatas
685 2415 717 2476 et
745 2410 808 2474 iam
838 2417 934 2476 antea
963 2429 1073 2477 omnes
1102 2411 1164 2478 viri
1191 2410 1277 2479 docti

85 2561 88 2564 .
119 2513 255 2595 (primus
278 2510 503 2578 Grotefendius
526 2511 642 2596 Paulyi
665 2531 733 2578 enc.
757 2512 834 2578 real.
856 2512 911 2576 IV.
936 2532 967 2594 p.
988 2513 1062 2590 895)
1085 2520 1279 2594 putaverunt

121 2622 154 2680 et
176 2615 398 2697 Ritterlingius
420 2614 501 2697 ipse,
526 2613 675 2679 Pfitnneri
691 2615 850 2681 sententia
872 2613 1018 2699 refutata,
1042 2620 1129 2680 recte
1147 2614 1277 2681 demon-

119 2719 242 2786 stravit.
292 2717 361 2784 Nec
394 2724 501 2783 tamen
535 2735 630 2800 quam
659 2717 715 2783 illc
748 2716 810 2783 sibi
840 2716 934 2781 tinxit
972 2716 1090 2783 bellum
1117 2718 1277 2785 Britannis

120 2820 322 2887 inferendum
353 2839 451 2887 causa
474 2825 559 2905 erat,
589 2819 647 2886 sed
670 2820 775 2886 insula
797 2819 1053 2903 ,spatiosissima
1075 2826 1107 2886 et
1129 2821 1277 2903 gentibus

120 2923 280 2988 ferocibus
304 2923 520 2988 infensIssIma
535 2923 568 2986 in
583 2927 774 3004 perpetuum
797 2920 1022 3004 occupanda“;
1045 2922 1155 3005 itaque
1171 2925 1277 3008 potius

120 3021 315 3088 crediderim
338 3022 425 3088 bello
448 3023 512 3086 iam
528 3029 660 3105 peracto
682 3023 828 3103 legiones
851 3040 922 3087 esse
938 3027 1072 3087 creatas.

207 3124 502 3191 Manifestissimum
518 3129 625 3189 autem
650 3129 699 3189 est
713 3121 828 3188 eadem
844 3142 942 3188 cansa
958 3129 1150 3189 commotum
1166 3126 1276 3190 'Iraia-

121 3250 196 3294 uum
220 3228 444 3311 imperatorem
468 3227 628 3309 legionem
649 3226 690 3290 II.
714 3227 887 3291 Traianum
911 3226 1148 3308 conscripsisse.
1193 3226 1277 3292 Nam

121 3330 243 3397 Arabia
271 3330 369 3412 paulo
399 3335 473 3394 ante
503 3328 544 3394 ab
568 3328 605 3392 Α.
630 3325 779 3393 Cornelio
803 3328 916 3393 Palma
944 3329 976 3393 in
999 3328 1185 3411 provinciae
1215 3329 1277 3394 ior·

120 3453 204 3499 mam
229 3431 361 3499 redacta
383 3431 469 3514 legio
484 3430 542 3495 111.
567 3428 755 3514 Cyrenaica,
779 3449 862 3512 quae
886 3429 1050 3513 usquead
1074 3428 1109 3494 id
1124 3432 1277 3516 temporis

120 3537 153 3601 in
182 3535 331 3620 Aegypto
362 3534 555 3616 tetenderat,
590 3532 632 3599 ad
661 3551 777 3598 novam
806 3533 1003 3615 provinoIam
1034 3533 1276 3600 custodiendam

121 3645 243 3704 remota
266 3639 371 3704 locum
395 3657 487 3704 suum
510 3636 608 3702 cessit
631 3635 751 3718 legioni
774 3635 814 3699 II.
845 3635 1005 3702 Tralanae
1027 3635 1125 3701 modo
1148 3643 1276 3702 creatae

119 3740 172 3816 (ct.
190 3737 326 3806 Ptitnner
346 3761 378 3823 p.
394 3739 480 3815 225).
524 3737 647 3804 Eadem
663 3735 702 3803 re'
714 3737 885 3823 Neronem,
909 3738 964 3819 qni
985 3738 1145 3820 legionem
1174 3737 1198 3801 1.
1214 3738 1276 3802 Ita·

120 3843 217 3908 licum
252 3842 457 3926 conscripsit,
491 3859 562 3908 esse
596 3838 770 3906 adductum
804 3859 867 3905 non
902 3839 1110 3921 contendam3
1144 3838 1202 3905 sed
1235 3841 1277 3906 si·

120 3946 288 4010 millimam
317 3943 416 4009 fnisse
445 3963 575 4010 causam
604 3948 751 4027 apertum
781 3948 838 4008 est.
881 3941 965 4007 Nam
996 3961 1067 4008 cum
1098 3941 1130 4006 in
1154 3942 1276 4008 oriente

47 4075 49 4078 ·
122 4049 239 4114 multos
262 4047 326 4112 iam
348 4064 408 4129 per
429 4064 529 4111 annos
554 4051 658 4139 motus
681 4042 872 4111 Parthorum
904 4044 1103 4132 aliorumque
1126 4043 1277 4109 barbaro·

171 4153 285 4219 Leiprlgpr
298 4153 398 4199 Studien.
426 4151 479 4196 XV.
1107 4151 1121 4199 2
