3170 4742
305 223 347 277 Dc
364 220 514 290 legionibus
532 220 716 276 Romanorum
733 219 754 274 Ι.
774 219 908 274 Mineruia
928 224 955 274 et
972 219 1058 274 XXX.
1078 219 1167 289 Ulpia.
1232 296 1238 305 ,
1274 219 1313 278 63

158 400 253 467 certis
282 394 476 464 testimoniis
505 394 739 461 demonstratur
767 393 832 459 illis
862 411 992 475 quoque
1013 393 1210 477 temporibus
1232 394 1319 460 bella

159 504 207 569 cis
230 498 373 585 gerenda
400 497 510 579 inisse,
534 516 606 562 oum
622 515 754 571 ,omnes
776 500 889 578 gentes
905 496 946 561 ab
961 495 1085 579 Illyrici
1099 495 1202 562 limito
1218 515 1319 580 usque

159 606 192 669 in
208 602 349 669 Galliam
361 603 406 678 ¹)“
423 598 668 683 conspirassent.
712 596 858 677 Accedit,
883 597 970 679 quod
985 598 1105 680 apertis
1122 598 1229 664 verbis
1252 598 1319 663 bel·

139 708 224 778 ⁸lum
248 701 545 770 Marcomannicum
566 705 599 766 et
613 699 839 766 Germanicum
865 698 1125 776 discemuntur.²)
1169 701 1320 783 Nequeo

159 827 237 874 vcro
265 807 471 885 aberramus,
500 803 528 869 si
550 801 613 868 hac
640 808 748 868 aetate
770 799 918 868 Gauchos
948 803 1093 884 erupisse
1123 809 1156 869 et
1177 823 1198 868 a
1220 801 1320 868 Didio

159 910 303 989 Iuliano,
335 907 489 989 Belgicae
515 905 637 988 legato,
669 904 885 970 tumultuariis
914 905 1045 972 auxiliis
1074 904 1320 988 provincialium

160 1011 308 1094 repulsos
331 1010 438 1085 esse³l
461 1028 644 1090 censemus;
673 1009 720 1073 sic
742 1008 827 1073 enim
850 1007 952 1073 multo
976 1008 1090 1074 melius
1113 1007 1321 1091 intellegitur,

161 1113 250 1197 quod
263 1112 452 1196 Spartianus
464 1112 639 1176 memoriae
651 1109 798 1175 tradidit:
816 1110 879 1185 ,ob
895 1129 977 1191 quac
994 1111 1194 1178 consulatum
1205 1111 1321 1177 meruit

163 1215 348 1282 testimonio
371 1213 595 1296 imperatoris“
619 1212 671 1287 (cf.
687 1232 718 1295 p.
735 1214 772 1274 61
792 1211 865 1276 adn.
883 1214 924 1291 3).

250 1318 357 1398 Atque
387 1315 509 1398 optimo
539 1312 600 1379 bac
629 1333 726 1379 exre
749 1313 973 1410 cognoscitur,
1000 1314 1126 1396 quantis
1156 1314 1321 1397 perturba·

162 1419 303 1485 tionibus
318 1417 572 1498 tumultibusque
587 1422 655 1482 tum
671 1416 844 1481 Germania
859 1415 996 1482 Inferior
1011 1422 1130 1482 vexata
1145 1417 1201 1499 sit;
1217 1417 1323 1483 elucet

165 1520 251 1584 enim
267 1519 414 1602 Cauchis,
434 1519 489 1602 qui
504 1518 598 1585 Albis
613 1517 703 1584 fluvii
727 1525 817 1584 erant
831 1518 973 1600 accolae,
996 1519 1184 1602 priusquam
1200 1520 1233 1584 in
1248 1519 1321 1584 Bel·

167 1620 274 1703 gicam
296 1622 493 1704 provinciam
515 1625 729 1705 penetrarent,
752 1626 852 1685 totam
868 1619 976 1685 Germ.
993 1620 1053 1685 Ins.
1073 1620 1322 1702 percurrendam

167 1723 276 1805 fnisse,
299 1728 332 1789 ut
354 1723 558 1790 statuendum
581 1724 622 1789 sit
636 1730 693 1789 aut
714 1722 877 1805 legionum
896 1723 921 1787 I.
937 1722 1013 1787 Min.
1030 1729 1063 1788 et
1077 1723 1175 1787 XXX
1190 1755 1196 1768 ·
1213 1723 1241 1788 V
1256 1755 1263 1768 ·
1278 1723 1320 1788 V·

167 1826 252 1893 vires
267 1825 308 1891 ad
323 1827 478 1910 impetum
501 1825 730 1909 repulsandum
753 1845 816 1890 non
832 1825 975 1892 valuisse
997 1829 1054 1890 aut
1074 1832 1198 1909 partem
1215 1845 1323 1892 earum

163 1927 341 1994 alioversus
364 1928 537 1995 deductam
559 1929 668 1994 fuisso.

249 2031 298 2096 Ac
311 2049 353 2096 ne
365 2028 541 2095 Commodo
558 2029 690 2112 quidem
705 2029 898 2112 imperatore
911 2028 1087 2095 Germania
1101 2036 1218 2113 pacata
1233 2028 1322 2096 vidc-
1415 2037 1421 2049 ’

163 2138 213 2196 tur
235 2131 344 2198 fuisse.
389 2131 473 2196 Nam
496 2151 626 2213 prorsus
642 2131 851 2213 consentiunt,
876 2133 932 2213 qui
955 2129 996 2196 de
1018 2131 1080 2197 hac
1095 2137 1201 2197 aetate
1223 2131 1322 2214 scrip-

163 2238 289 2314 serunt,
317 2231 523 2316 Lampridius
534 2235 575 2314 4),
603 2229 858 2314 Capitolinus-¹²),
890 2233 1063 2316 Eutropius
1074 2235 1113 2316 ὓ),
1145 2231 1276 2298 Orosius
1290 2237 1323 2317 ⁷),

163 2334 381 2417 Hieronymus
392 2337 431 2418 ⁸),
458 2333 545 2400 bella
567 2354 638 2400 cum
660 2331 916 2401 Transrhenanis
939 2353 1010 2400 esse
1033 2341 1126 2417 gesta
1148 2341 1322 2402 sanantes.

253 2469 277 2531 1)
294 2466 379 2521 Iulius
398 2466 514 2534 Capitol.
526 2483 550 2521 v.
565 2466 653 2521 Marci
667 2469 708 2530 22,
723 2471 746 2520 1.

252 2556 277 2619 2)
295 2551 370 2606 Idem
387 2551 453 2607 ibid.
473 2555 513 2618 21,
528 2557 554 2604 7:
576 2551 665 2614 ,Emit
678 2555 706 2604 et
720 2550 916 2606 Germanorum
936 2551 1038 2605 auxilia
1056 2557 1153 2607 contra
1165 2553 1323 2607 Germanos.

166 2637 246 2692 Omni
262 2642 405 2707 praeterea
422 2636 561 2705 diligentia
582 2635 689 2704 paravit
709 2635 828 2704 legiones
847 2635 882 2690 ad
900 2625 1089 2691 Germanicum
1108 2644 1136 2692 et
1153 2637 1324 2692 Marcoman·

165 2723 256 2777 nicum
274 2722 400 2778 bellum“.

252 2810 278 2874 3)
295 2808 354 2862 Ael.
364 2808 454 2876 Spart.
467 2824 492 2862 v.
502 2807 565 2862 Did.
577 2806 629 2862 Iul.
645 2812 668 2871 1,
679 2810 694 2860 6
704 2822 779 2875 sqq.:
794 2811 871 2874 „post
883 2810 1040 2874 praeturam
1052 2807 1152 2875 legioni
1163 2807 1285 2876 praefuit
1295 2809 1324 2862 in

168 2892 313 2947 Germania
329 2893 495 2947 vicensimae
513 2893 649 2947 secundae
667 2891 854 2958 Primigeniae.
890 2891 953 2945 inde
965 2892 1100 2959 Belgicam
1118 2899 1212 2947 sancte
1228 2908 1261 2948 ac
1280 2894 1326 2948 din

165 2980 244 3033 rexit.
279 2978 318 3032 ibi
341 2977 475 3040 Cauchis,
498 2975 659 3030 Germaniae
681 2976 802 3045 populis,
828 2975 875 3043 qui
900 2970 994 3029 Albim
1016 2975 1128 3030 flurium
1155 2977 1326 3044 adcolebant‚

165 3063 371 3132 erumpentibus
389 3062 490 3117 restitit
506 3060 691 3116 tumultuariis
709 3060 815 3115 auxiliis
833 3059 1048 3129 provincialium.
1085 3061 1120 3114 ob
1139 3078 1209 3129 quae
1227 3078 1324 3118 consu·

165 3150 252 3204 latum
269 3149 368 3203 meruit
385 3147 539 3202 testimonio
557 3144 753 3216 imporatoris“.

254 3237 281 3300 4)
297 3233 357 3287 Ael.
369 3233 481 3302 Lampr.
494 3250 517 3288 v.
532 3231 668 3287 Commod,
683 3234 723 3296 13,
737 3237 760 3286 5.

253 3323 280 3385 5)
300 3318 445 3387 capitolin.
455 3334 480 3371 v,
491 3317 565 3372 Glod.
577 3318 637 3372 Alb.
650 3323 674 3384 5,
684 3322 713 3385 43
727 3321 752 3382 6,
762 3320 789 3370 3:
804 3331 868 3385 „per
879 3316 1056 3371 Commodum
1067 3318 1102 3370 ad
1112 3316 1225 3372 Galliam
1236 3322 1325 3372 trans·

166 3404 238 3459 latus
258 3408 306 3470 (sc.
321 3403 397 3459 clod.
411 3402 493 3468 Alb),
510 3403 539 3456 in
564 3418 617 3470 qua
635 3401 704 3456 fusis
722 3402 846 3467 gentibus
866 3401 1084 3456 Transrhenanis
1102 3403 1208 3457 celebre
1229 3418 1326 3458 nomen

168 3505 249 3543 snum
267 3493 295 3543 et
311 3489 385 3558 apud
403 3488 542 3543 Romanos
561 3495 588 3540 ct
606 3487 738 3543 barbaros
755 3486 846 3540 t'ecit“.

256 3578 280 3639 6)
298 3575 448 3642 Eutropius
465 3573 599 3628 V111.15:
619 3572 796 3636 „commodus
815 3609 864 3626 ...
883 3573 981 3626 contra
999 3570 1155 3626 Germanos·
1166 3572 1281 3627 feliciter
1299 3576 1326 3626 et

169 3654 229 3723 ipse
246 3660 400 3722 pugnarit“.

258 3742 282 3804 l)
301 3740 414 3797 Orosius
437 3744 613 3810 V11.1o,12:
637 3743 816 3805 „Commodus
907 3742 1036 3797 aduersus
1055 3741 1205 3796 Germanos
1226 3740 1326 3796 bellum

169 3823 286 3879 feliciter
304 3825 413 3892 gessit“.

258 3913 283 3976 8)
301 3908 456 3979 Hieronym.
477 3913 575 3968 Obron.
593 3913 628 3968 ad
646 3927 746 3967 annum
764 3915 844 3968 2196:
865 3911 1049 3976 „commodus
1068 3913 1100 3967 de
1119 3911 1259 3967 Germanis
1277 3912 1326 3966 tri·

170 3995 308 4051 unicurt
