3170 4742
254 301 296 356 Dc
313 301 463 370 legionibus
480 300 666 356 Romanorum
684 301 705 355 1.
723 301 857 356 Minerua
875 304 902 357 et
919 301 1006 355 XXX.
1026 301 1115 371 Ulpia.
1246 302 1286 361 33

130 474 271 556 triginta,
295 495 375 557 quas
390 495 410 540 a
424 474 535 541 Nerva
549 481 727 560 acceperat,
752 474 946 541 tricesimam
964 474 1100 541 addidit.
1108 478 1130 552 1)
1154 511 1194 520 -
1216 476 1286 543 Iam

132 577 278 660 quaestio
302 578 453 660 exoritur,
477 597 635 660 quaenam
651 577 728 643 illae
751 578 896 660 legiones
917 577 1136 660 undetriginta
1157 579 1286 663 fuerint,

130 679 235 761 quod,
258 700 330 745 oum
352 680 460 745 vadas
483 680 544 745 viri
568 679 653 746 docti
676 680 851 746 sententias
874 677 915 744 de
938 679 1075 761 singulis
1097 681 1192 763 primi
1215 701 1285 748 sae·

130 781 194 848 culi
217 782 399 864 legionibus
421 781 610 864 protulerim
622 785 655 865 ²),
679 781 767 848 baud
790 782 929 847 allenum
953 788 1001 847 ost
1022 781 1227 865 inuestigare.

214 884 321 966 Atque
333 884 533 968 aptissImum
546 883 676 967 quidem
689 883 769 949 mibi
782 883 909 951 videtur
924 881 1085 967 proficisci
1097 904 1118 950 a
1129 886 1285 954 columnis

129 987 195 1052 illis
211 985 335 1076 duabus
352 986 416 1064 (VI.
434 988 538 1068 3492),
562 987 678 1070 quibus
694 987 802 1052 omnia
816 986 980 1068 legionum
997 1020 1039 1030 -
1055 1005 1138 1068 quae
1154 987 1284 1069 quidem

129 1093 196 1153 tum
226 1087 343 1154 luerint
370 1123 411 1133 -
439 1089 571 1155 nomina
599 1089 759 1171 insculpta
788 1094 869 1154 sunt.
915 1086 1075 1165 Quoniam
1103 1094 1212 1156 autem
1240 1091 1284 1156 ad

17 1222 19 1226 ·
129 1188 214 1256 hanc
236 1189 455 1271 quaestionem
477 1209 543 1255 non
564 1190 719 1273 pertinet,
750 1209 813 1272 quo
835 1208 919 1255 anno
943 1189 1019 1255 illae
1046 1189 1175 1258 tabulae
1198 1212 1284 1258 com-

129 1292 254 1375 positae
270 1292 341 1374 sint,
365 1298 514 1358 accurate
533 1290 726 1373 discernere,
750 1291 997 1375 adquiescamus
1021 1296 1198 1360 statuentes
1214 1293 1285 1361 fieri

126 1413 189 1458 non
204 1394 358 1477 potuisse,
381 1400 504 1460 utente
526 1414 645 1459 annum
669 1393 851 1476 Sillltbi),
875 1399 949 1478 post
970 1413 1089 1460 annum
1113 1397 1285 1475 statutus

23 1581 25 1586 Ι
126 1495 349 1562 scriberentur.
393 1497 507 1579 Itaque
532 1497 676 1580 exceptis
699 1497 764 1562 illis
782 1497 974 1579 legionibus,
999 1516 1132 1579 quarum
1155 1499 1286 1564 nomina

127 1604 243 1680 postea
264 1597 394 1663 demum
416 1597 529 1664 addita
551 1617 621 1664 esso
644 1604 769 1664 constat
780 1600 820 1680 ⁶),
850 1597 1006 1665 hocloco
1029 1619 1093 1664 nou
1117 1603 1285 1667 enumera-

16 1725 20 1738 ·
126 1699 231 1766 bimus
253 1700 316 1766 nisi
340 1719 405 1782 eas,
430 1719 509 1782 quas
533 1700 592 1765 sub
616 1699 780 1765 Hadriano
802 1699 949 1766 floruisse
972 1706 1094 1766 certum
1117 1708 1175 1767 est.

213 1801 293 1868 Sunt
315 1808 422 1868 autem
445 1800 519 1868 hae:
604 1845 605 1848 =

280 1905 321 1968 ll.
345 1904 428 1986 Aug.
605 1903 646 1967 II.
669 1901 743 1968 Adi.
920 1903 994 1967 lllI.
1017 1902 1128 1988 Scyth.

270 2007 323 2072 VI.
348 2006 416 2073 Vic.
576 2005 648 2070 llll.
672 2005 788 2070 Flavia
910 2006 996 2070 XVI.
1020 2006 1135 2072 Flavia

249 2109 322 2174 XX.
346 2109 415 2175 Vic.
577 2107 647 2172 Vll.
671 2107 784 2174 Claud.
940 2108 993 2173 Vl.
1017 2108 1105 2173 Ferr.

175 2297 177 2301 Ι
236 2214 322 2278 Vlll.
346 2213 428 2294 Aug.
619 2208 645 2274 I.
669 2210 740 2275 ltal.
949 2209 990 2273 X.
1014 2209 1099 2275 Frct.

218 2315 324 2379 XXII.
348 2314 445 2379 Prim.
609 2312 646 2377 V.
670 2310 794 2378 Maced.
933 2312 988 2376 III.
1012 2311 1127 2394 Oyren.

261 2465 262 2468 η
299 2417 324 2481 Ι.
348 2417 424 2483 Min.
590 2414 648 2479 XI.
672 2413 785 2480 Claud.
949 2415 990 2479 Il.
1015 2415 1143 2480 Tralan.

220 2520 326 2586 XXX.
350 2517 449 2602 Ulpia
558 2517 647 2582 Xlll.
671 2517 765 2582 Gem.
934 2517 991 2581 Ill.
1014 2516 1097 2598 Aug.

303 2624 329 2688 Ι.
351 2621 426 2686 Adi.
574 2619 647 2684 XII.
671 2619 774 2684 Fulm.
919 2618 989 2683 Vll.
1013 2618 1104 2683 Gom.

283 2726 325 2789 X.
349 2724 438 2790 Gam.
467 2757 468 2761 =
575 2722 645 2787 XV.
670 2721 776 2805 Apoll.

220 2827 327 2892 XIIII.
350 2826 441 2892 Gem.
589 2824 646 2904 III.
670 2822 754 2889 Gall.

211 2927 354 3004 Quarum
383 2929 547 3008 legionum
573 2926 674 3007 duae,
703 2924 810 2989 XXX.
835 2924 933 3006 Ulpia
956 2931 988 2988 et
1010 2924 1050 2988 ΙΙ.
1074 2923 1232 3005 Traiana,
1262 2945 1283 2991 a

125 3029 267 3094 Traiano
294 3028 366 3110 ipso
390 3027 590 3108 conscriptae
613 3031 694 3090 sunt.
739 3025 786 3089 Eo
810 3025 922 3107 igitur,
952 3044 1015 3106 quo
1038 3025 1148 3090 tabula
1176 3026 1283 3108 posita
1319 3071 1322 3074 -

81 3215 87 3229 .
125 3136 283 3206 ostendo,
300 3148 342 3195 ex
356 3127 574 3210 undetriginta
589 3126 653 3192 illis
669 3125 859 3208 legionibus,
883 3145 963 3208 quas
979 3127 1156 3220 successori
1172 3127 1282 3193 Nerva

212 3284 235 3347 1)
255 3278 290 3334 cl'.
305 3277 420 3332 Eclrhel.
440 3277 526 3331 doctr.
540 3291 614 3330 num.
629 3275 703 3331 VIII.
715 3292 743 3344 p.
756 3279 815 3330 492.

211 3369 237 3430 2)
256 3363 382 3419 Omnium
393 3361 451 3417 fere
462 3362 580 3416 virorum
601 3361 742 3415 doctorum
761 3362 794 3416 de
806 3361 859 3414 hac
870 3375 900 3414 re
912 3361 1061 3416 sententias
1077 3360 1281 3416 accuratissime

124 3450 231 3520 collegit
248 3448 436 3517 Ritterlingins
454 3452 491 3516 (p.
507 3450 540 3500 66
551 3447 613 3502 adn.
629 3450 660 3512 1),
680 3461 758 3516 quem
778 3461 879 3514 quaeso
891 3445 1031 3515 inspicias.
1067 3445 1190 3515 Longum
1209 3445 1280 3501 enim

123 3552 210 3606 usquc
228 3533 495 3604 huius'quaestionis
514 3536 558 3588 est
575 3532 682 3600 slogula
699 3531 843 3601 diligenter
859 3532 1022 3586 exsmInare.

210 3625 235 3687 3)
253 3619 331 3688 Quod
349 3621 419 3688 legio
436 3619 483 3676 Vl.
503 3617 563 3673 Vio.
581 3618 653 3672 Inter
671 3617 845 3672 Britannicas
863 3617 916 3671 ism
935 3617 1054 3684 legiones
1072 3619 1255 3671 enumeratur.

210 3709 237 3772 4)
255 3704 334 3770 Quod
351 3704 471 3774 legiones
489 3703 526 3757 ΙΙ.
547 3705 574 3757 et
591 3702 640 3758 lIl.
659 3703 777 3768 Italicae,
797 3717 910 3771 quarum
929 3702 1038 3757 nomina
1058 3705 1157 3769 postea
1174 3699 1280 3754 demum

123 3790 262 3859 adscripta
279 3804 338 3844 esse
355 3792 529 3859 perspicuum
547 3795 601 3852 est,
626 3788 672 3842 illo
691 3803 763 3843 suno
789 3787 843 3841 lam
867 3787 992 3842 conditae
1016 3788 1094 3840 erant
1112 3782 1158 3847 (cl.
1170 3783 1278 3840 Ritterl.

123 3893 150 3946 p.
165 3881 198 3931 50
208 3874 269 3930 adn.
286 3878 318 3940 1).

211 3966 236 4027 tl
254 3959 326 4015 1.11.
340 3959 388 4014 lll.
407 3958 553 4014 Parthicae
565 3957 690 4014 nimitum
705 3989 735 3998 -
748 3960 857 4027 praetor
868 3956 938 4024 illes,
954 3970 1021 4023 quas
1034 3955 1113 4010 modo
1127 3953 1276 4010 nominavi-

124 4061 195 4112 mus,
212 4045 248 4101 lI.
268 4047 295 4101 et
312 4045 362 4102 Ill.
380 4044 498 4102 Italicas.

174 4138 286 4193 Leipzigsr
300 4137 401 4184 Studien.
422 4137 474 4182 XV.
1107 4128 1121 4178 3
