3188 4740
324 275 366 329 De
382 272 532 342 legionibus
549 273 734 328 Romanorum
752 272 773 328 1.
793 272 923 326 Mineruia
942 275 968 325 et
985 271 1070 326 XXX.
1092 271 1179 341 Ulpia.
1291 273 1329 330 61

174 449 268 514 titulo
297 447 354 512 III.
388 450 469 511 1457
500 450 541 521 (n.
567 445 627 520 8b)
661 445 779 527 legitur
812 444 926 511 eadem
956 451 1062 510 aetate
1090 445 1133 511 Μ.
1160 445 1331 512 Claudium

173 551 369 617 Frontonem
399 549 500 614 fuisse
529 547 692 631 ,legatum
719 548 856 630 legionis
884 548 909 612 1.
933 548 1109 614 Minerviae
1138 550 1172 613 in
1198 548 1331 631 expedi·

174 653 295 718 tionem
318 650 504 717 Parthicam
532 648 772 732 deducendae“,
801 647 883 714 nihil
906 655 954 716 est
977 650 1096 732 inquo
1120 649 1329 716 offendamus.

173 753 324 839 Scrupuli
348 758 459 821 contra
481 772 520 818 eo
542 753 732 834 excitantur,
756 750 842 834 quod
865 752 1030 835 aLigorio
1053 753 1122 818 solo
1146 751 1199 817 hic
1221 753 1331 818 titulus

173 861 223 922 est
238 861 395 939 servatus,
419 855 480 935 cui,
505 874 576 920 oum
590 873 747 937 persaepe
773 854 993 937 inscriptiones
1016 861 1071 920 aut
1085 855 1182 937 plane
1203 853 1332 920 finxerit

173 965 230 1024 aut
253 956 507 1040 interpolaverit,
529 975 570 1021 ne
588 954 641 1021 hic
664 954 794 1037 quidem
815 954 913 1020 fidem
937 975 1007 1021 esse
1029 955 1213 1022 habendam
1235 956 1331 1023 facile

174 1059 315 1125 coniciet
338 1058 513 1142 quispiam,
537 1077 609 1124 cum
631 1058 830 1141 reputaverit
852 1058 979 1122 titulum
1002 1057 1158 1125 Dacicum
1187 1058 1332 1125 eiusdem

173 1162 350 1227 Frontonis
366 1161 422 1226 ΠΙ.
441 1165 521 1225 1457
546 1163 588 1236 (ιι.
605 1161 663 1237 8a)
687 1159 774 1225 etde
791 1159 999 1241 expeditione
1021 1160 1158 1243 legionis
1173 1161 1197 1225 I.
1215 1161 1331 1228 Miner-

173 1265 250 1330 viae
265 1263 416 1331 Parthica
432 1270 464 1329 et
479 1262 521 1328 de
543 1263 615 1328 aliis
638 1263 743 1345 rebus,
766 1263 898 1344 quaein
915 1261 1026 1347 lapide
1048 1264 1169 1329 urbano
1193 1283 1331 1329 comme-

172 1372 316 1432 moratae
339 1373 421 1449 sunt,
444 1365 542 1450 plane
564 1371 689 1432 tacere..
727 1364 847 1431 Contra
868 1371 955 1432 recte
978 1364 1099 1432 iudicat
1115 1365 1331 1432 Mommsenus

171 1474 259 1534 ratus
282 1488 386 1552 paene
409 1469 626 1552 incorruptum
650 1487 720 1535 esse
743 1467 879 1534 titulum.

260 1569 326 1636 Suo
350 1570 436 1636 enirn
463 1570 532 1634 iure
553 1569 632 1634 mihi
655 1569 783 1634 videtur
805 1571 967 1636 monuisse
991 1568 1167 1637 Schillerus
1196 1571 1266 1648 (,R.
1289 1572 1330 1636 Κ.

173 1670 314 1739 Gesch.“
342 1692 373 1755 p.
397 1673 459 1737 638
488 1670 562 1736 adn.
580 1672 611 1748 4)
640 1671 673 1734 in
695 1671 848 1752 Belgicae
877 1671 1018 1753 quodam
1047 1672 1135 1752 loco,
1165 1673 1220 1754 qui
1247 1693 1332 1738 nunc

173 1781 311 1840 vocatur
326 1775 483 1856 ,Bevay“
494 1776 525 1855 ¹),
549 1792 706 1855 nummos,
730 1773 799 1839 sine
816 1771 913 1838 dubio
931 1774 1074 1839 consulto
1091 1779 1176 1838 terra
1190 1773 1330 1857 obrutos,

174 1875 309 1943 effossos
342 1895 413 1942 esse
435 1876 588 1942 Antonini
616 1875 667 1940 Pii
690 1881 723 1941 et
751 1875 941 1956 Faustinae,
972 1876 1082 1941 matris
1113 1881 1145 1959 et
1165 1873 1268 1960 filiae,
1300 1884 1333 1942 et

172 1979 319 2045 Lucillae
343 1985 375 2045 et
396 1980 495 2063 paulo
518 1984 591 2063 poet
612 1979 734 2045 invice
753 1976 975 2056 „Veohten“‘²)
997 1998 1142 2045 nummos
1157 1978 1233 2044 inde
1249 1999 1270 2044 a
1284 1980 1331 2044 rei

172 2081 324 2163 publicae
336 2087 444 2146 aetate
456 2100 558 2163 usque
574 2080 616 2145 ad
627 2073 823 2145 Antoninum
839 2081 949 2162 Pium;
964 2080 1051 2146 unde
1065 2087 1152 2147 recte
1167 2088 1203 2144 ut
1217 2081 1331 2163 opinor

174 2183 312 2247 coniecit
338 2183 405 2245 illis
434 2180 634 2263 temporibus
662 2182 816 2244 barbaros
843 2181 876 2243 in
905 2180 1112 2246 Germaniam
1142 2181 1329 2247 Interiorem

174 2282 373 2356 invasisset)
417 2281 531 2362 Itaque
560 2281 589 2344 si
616 2280 730 2345 eadem
758 2286 864 2345 aetate
893 2282 1053 2363 legionem
1082 2282 1107 2347 Ι.
1130 2283 1329 2366 Minervium,

177 2399 260 2462 quae
276 2381 310 2444 in
324 2380 430 2446 Germ.
446 2381 505 2446 Iul.
521 2380 666 2466 tetendit,
689 2383 722 2446 iu
745 2381 985 2465 expeditionem
1006 2384 1189 2450 Parthicam
1212 2385 1329 2452 deduc-

176 2489 241 2547 tam
271 2502 341 2550 esse
371 2484 600 2567 comperimus,
629 2504 693 2549 non
721 2483 818 2549 modo
846 2483 919 2546 licet
940 2491 1079 2552 statuere
1102 2488 1210 2569 aliquo
1233 2489 1329 2554 modo

174 2583 233 2651 has
257 2585 338 2652 duas
353 2605 405 2652 res
420 2587 502 2651 inter
517 2605 552 2652 se
568 2585 751 2669 cohaerere,
775 2586 832 2652 sed
854 2605 985 2670 prorsus
1007 2607 1132 2650 necesse
1153 2597 1209 2654 est.
1245 2590 1328 2657 Nam

173 2687 201 2752 si
229 2694 303 2753 ante
332 2708 451 2754 anuum
480 2687 634 2770 915s161,
668 2709 741 2755 cum
772 2688 914 2756 nondum
947 2691 1092 2772 profecta
1126 2697 1210 2758 esset
1241 2693 1328 2776 legio

172 2789 198 2854 I.
221 2789 394 2873 Mineruia,
425 2789 578 2857 Germani
608 2791 823 2858 incursionem
846 2792 935 2858 illam
958 2793 1122 2876 fecissent,
1152 2795 1209 2860 vix
1232 2797 1328 2863 credo

173 2891 400 2972 imperatorem
416 2912 487 2958 eam
509 2895 542 2957 iu
558 2895 712 2960 orientem
729 2895 955 2960 arcessituram
977 2896 1085 2960 fuisse.
1130 2897 1232 2964 Immo
1256 2917 1328 2964 oen·

262 3092 286 3155 1)
304 3088 340 3144 cf.
361 3088 442 3152 „Rea
461 3088 541 3142 Num.
560 3087 650 3155 Belg.“
671 3090 737 3142 1869
754 3088 783 3156 'p.
796 3093 855 3142 209.

260 3177 286 3240 a)
305 3173 341 3228 cr.
358 3174 458 3228 ibidem
477 3176 659 3242 rampses.

261 3262 287 3325 3)
304 3257 387 3312 Falsa
408 3262 498 3312 tamen
521 3261 564 3312 est
585 3256 712 3311 Schilleri
735 3257 867 3312 sententia
888 3257 932 3323 (cf.
957 3257 975 3313 l.
999 3259 1028 3325 1.)
1062 3258 1173 3314 Didium
1194 3260 1328 3316 lulianum

173 3345 226 3400 hac
245 3347 335 3399 aetate
352 3342 494 3398 victoriam
511 3343 585 3396 illam
603 3340 635 3395 de
654 3341 771 3396 Cauchis
782 3345 946 3410 reportasse,
965 3358 1045 3411 quam
1061 3343 1156 3400 Aelius
1168 3345 1327 3416 Spartianus

173 3430 321 3500 praedicat.
357 3427 428 3484 Nam
445 3427 504 3482 lieri
516 3442 570 3482 nou
588 3427 684 3496 potuit,
703 3429 734 3480 ut
751 3425 857 3493 Didius,
876 3427 922 3496 qui
934 3427 1078 3496 Spartiano
1096 3436 1165 3486 teste
1183 3447 1254 3488 anuo
1269 3438 1340 3502 137,

174 3515 269 3571 (laesio
287 3515 376 3570 Dione
393 3517 519 3578 auctore,
538 3512 584 3581 qui
601 3510 676 3564 Didii
700 3511 820 3580 aequalis
839 3519 911 3579 erat,
930 3527 956 3569 a.
976 3517 1024 3568 133
1047 3519 1202 3584 natusest,
1221 3520 1327 3575 etiamsi

174 3605 344 3666 quaestorem
361 3614 424 3653 eum
442 3600 611 3668 designatum
629 3613 690 3653 esse
713 3603 793 3662 ,ante
810 3614 911 3655 aunum
929 3615 1009 3670 quam
1026 3602 1145 3670 legitima
1161 3608 1237 3658 aetas
1255 3605 1326 3660 sine-

174 3683 236 3736 bat“
258 3683 357 3751 (Spart.
370 3700 395 3738 ι.
408 3684 471 3740 Did.
483 3684 533 3740 lul.
549 3688 571 3750 1,
584 3688 611 3749 4)
628 3700 684 3739 non
697 3684 876 3753 neglegamus,
895 3701 967 3740 anno
987 3691 1035 3742 162
1053 3688 1106 3740 iam
1124 3690 1252 3753 praetura
1265 3705 1325 3758 per-

174 3767 286 3821 functus
298 3767 334 3821 sit
345 3772 373 3820 et
383 3767 488 3836 legatus
500 3769 612 3838 legionis
624 3761 714 3824 XXlI.
726 3768 808 3823 Prim.
823 3769 911 3826 fuerit
942 3771 1063 3835 Accedit,
1082 3770 1154 3839 quod
1166 3770 1326 3840 Spartianus

173 3849 289 3905 addidit:
312 3850 363 3914 ,ob
382 3867 452 3920 quae
470 3855 642 3910 consulatum
660 3852 757 3907 meruit
774 3855 927 3910 testimonio
945 3855 1148 3924 imperatoris“;
1165 3871 1229 3911 uam
1246 3859 1325 3915 nimis

174 3951 237 3991 sero
259 3934 382 4010 proiecto
405 3941 554 4006 praemium
576 3938 728 4008 accepisset
751 3937 885 4007 Iulianus,
909 3956 971 3995 cum
994 3954 1065 3994 anno
1090 3940 1201 4010 tttlllt
1220 3943 1325 3998 demum

174 4021 269 4077 consul
287 4021 376 4076 lactus
394 4022 437 4077 sit.
